1759 2481
875 129 923 165 28

518 237 703 283 oedip.
727 237 831 276 col.
854 246 899 276 v.
922 234 1049 275 1115
1072 255 1120 263 -
1142 236 1286 277 1118.

242 301 463 332 ΟΙΔῙΠΟῩΣ.
509 303 577 331 Καί
593 313 646 341 μοι
665 301 706 332 τὰ
725 299 894 342 πραχθέντ’
918 299 1041 335 εἴπαθ’,
1054 299 1095 338 ὥς
1113 301 1264 343 βρώματ’,
1283 303 1352 334 ἐπεὶ
1400 300 1402 303 ’

510 351 580 384 ταῖς
598 349 767 388 τηλικαῖςδε
786 347 911 389 σμικρὸς
930 348 1050 389 ἐξαρκεῖ
1065 346 1166 388 λόγος.

243 394 489 425 ΑΝΤῙΓΟΝΗ.
510 392 559 426 ὅδ’
583 392 656 425 ἔσθ’
680 391 697 425 ὃ
718 393 832 430 σώσας·
852 397 944 426 τοῦδε
962 394 1016 435 χρὴ
1036 395 1157 432 κλύειν,
1176 394 1294 437 πάτερ,

511 444 562 471 καὶ
583 443 637 471 σοι’
653 452 688 471 τε
706 438 839 482 τοῦργον
856 439 973 481 τοῧμόν
993 441 1082 472 ἔσται
1100 439 1207 482 βραχύ.

322 495 515 526 Postremum
531 495 643 527 horum
662 506 821 534 versuum,
842 497 939 537 quem'
951 497 1091 528 vitiatum
1111 497 1246 527 ostendit
1264 501 1296 527 et
1308 496 1447 537 syllabae
1462 496 1553 527 unius

243 542 384 574 defectus
409 547 441 574 et
465 543 579 583 copula
604 543 679 574 nihil
705 543 854 583 copulans
878 545 931 581 τέ,
960 543 1058 574 variis
1084 539 1186 574 modis
1214 543 1312 574 critici
1341 548 1403 574 tam
1432 547 1554 574 veteres

243 599 336 629 quam
362 591 550 621 recentiores
576 590 740 621 emendare
764 590 958 620 studuerunt.
1000 590 1139 625 Quorum
1164 595 1345 621 conamenta
1370 600 1465 630 quum
1490 590 1553 630 ple-

240 645 339 676 raque
364 636 436 675 ipsa
459 646 515 676 per
540 645 577 666 se
601 636 796 674 refellantur,
822 636 900 667 nihil
926 637 1034 668 attinet
1057 636 1118 668 hoe
1142 636 1213 668 loeo
1238 636 1361 675 singula
1379 645 1550 668 recensere.

242 683 330 719 Sola,
351 692 431 722 quae
449 687 644 720 memoretur,
664 683 758 722 digna
777 687 826 714 est
845 683 1031 714 nitidissima
1049 683 1216 715 Hei-manni
1235 682 1426 714 emendatio:

432 732 484 760 καὶ
504 731 557 760 σοί
575 740 609 759 τε
628 726 758 770 τοῦργον
777 726 860 760 τοῦτ’
882 729 953 769 ἐμοί
970 727 995 761 τ’
1018 729 1107 761 term
1125 727 1232 771 βραχύ.

242 777 332 812 Quae
351 777 381 807 si
400 785 465 807 non
483 776 626 806 omnibus
645 776 761 812 arrisit,
781 778 834 816 qui
853 782 962 816 postea
979 777 1061 808 hane
1079 776 1214 808 fabulam
1234 776 1406 813 ediderunt,
1426 777 1459 806 id
1478 781 1551 815 puto

240 823 447 864 displicuisse,
468 823 552 863 quod
572 823 615 852 ita
635 823 726 861 periit
744 833 928 862 pronomen,
948 833 1010 863 quo
1030 825 1124 864 aegre
1143 832 1297 860 caremus,
1315 819 1442 862 τούμόν.
1482 823 1551 854 Ete-

239 872 303 901 nim
329 879 425 910 quum
452 869 590 907 Oedipus
617 869 698 899 filias
724 870 828 900 iubeat
853 880 918 901 rem
937 876 1058 909 gestam
1077 870 1138 900 sibi
1161 878 1306 900 enarrare
1326 878 1416 910 quam
1435 869 1551 900 brevis-

239 919 333 954 sime,
355 916 609 954 quemadmodum
630 915 766 946 tautillas
786 917 924 956 virgines
945 917 1071 953 deceat,
1090 922 1230 956 apertum
1250 920 1298 946 est
1317 916 1502 956 Antigonam
1522 916 1552 946 ei

241 964 352 995 debere
372 963 405 993 iu
424 962 505 993 hane
523 961 589 993 fere
608 962 795 1000 respondere
815 964 1019 993 sententiam:
1045 962 1110 994 hie
1136 968 1196 993 est
1222 968 1422 1000 servator,
1449 961 1552 992 hune

239 1015 276 1040 te
303 1013 461 1048 oportet
486 1008 643 1044 audire,
669 1013 797 1048 pater,
823 1014 861 1039 et
887 1010 960 1039 tibi
986 1009 1059 1040 hoe
1083 1019 1194 1041 meum
1214 1010 1415 1050 negotium
1439 1009 1551 1038 brevi

239 1055 462 1087 confectum
490 1059 569 1089 est,
595 1064 657 1084 non
684 1055 731 1084 sie
756 1055 839 1084 nude
864 1055 1136 1093 hoenegotium,
1162 1056 1246 1093 quod
1270 1064 1383 1085 vereor
1402 1063 1441 1084 ne
1463 1054 1550 1084 audi-

238 1109 324 1133 tores
342 1111 407 1132 non
426 1101 466 1131 de
484 1109 532 1137 ea,
553 1109 633 1139 quae
653 1100 693 1130 ad
712 1100 901 1139 Antigonam
920 1101 1110 1140 pertinebat,
1128 1100 1264 1131 muneris
1282 1105 1387 1140 parte,
1408 1100 1463 1131 sed
1483 1100 1550 1130 uni-

238 1158 332 1181 verse
358 1149 397 1179 de
422 1146 587 1178 narrandis
613 1146 682 1177 sive
708 1147 747 1177 ab
768 1146 926 1187 Antigona
951 1148 1019 1178 sive
1046 1156 1067 1177 a
1085 1146 1206 1177 Theseo
1225 1147 1320 1177 rebus
1338 1151 1369 1177 et
1389 1147 1550 1176 audiendis

237 1197 349 1227 iisdem
375 1196 416 1226 ab
443 1194 601 1232 Oedipode
626 1194 767 1232 accipere
797 1194 944 1232 debeant,
969 1194 1132 1225 haerentes
1157 1194 1278 1233 quidem
1305 1202 1344 1224 ac
1367 1194 1551 1229 mirabundi,

238 1253 293 1274 cur
317 1243 350 1273 id
375 1241 494 1281 negotii
513 1240 670 1279 Antigona
689 1240 769 1278 patri
789 1241 918 1271 brevius
942 1250 1108 1271 evasurum
1134 1241 1233 1278 dicat,
1260 1240 1290 1270 si
1308 1239 1462 1270 Theseum
1481 1249 1550 1270 nar-

237 1294 356 1320 rantem
383 1287 507 1322 audiat,
532 1295 624 1326 quam
650 1286 679 1316 si
698 1286 807 1325 ipsam.
848 1286 953 1321 Quare
972 1288 1000 1317 si
1019 1287 1187 1326 genuinum
1211 1291 1261 1317 est
1278 1288 1348 1322 aot,
1373 1286 1549 1317 necessario

237 1337 331 1367 etiam
351 1331 470 1373 τοῧμόν
489 1334 676 1364 servandum
695 1333 772 1371 erit,
799 1333 893 1373 idque
911 1334 1020 1365 videor
1038 1333 1113 1365 mihi
1137 1333 1310 1375 intelligere
1328 1332 1387 1364 hae
1408 1333 1549 1364 emenda-

236 1384 321 1414 tione
341 1382 409 1413 fleri
428 1390 542 1420 posse:

427 1429 479 1456 καί
498 1435 551 1457 σοι
569 1422 637 1457 τόδ’
661 1425 748 1465 ἔργον
766 1423 883 1465 τοῦμόν
903 1425 1036 1466 ἤνυσται
1054 1427 1178 1468 βραχεῖ,

236 1474 375 1515 Vulgata
394 1473 502 1509 ἔσται,
520 1473 548 1502 si
568 1472 643 1513 quid
669 1473 778 1508 video,
804 1478 858 1503 aut
883 1484 901 1504 e
926 1474 1113 1512 glossemate
1131 1472 1305 1514 ἠνυσμένον
1323 1480 1374 1511 vel
1394 1479 1548 1518 εἰργασμέ.

240 1532 293 1552 νον
314 1521 415 1558 ἔσται,
435 1525 488 1551 aut
507 1529 545 1551 ex
567 1520 734 1559 depravata
753 1519 833 1551 sorte
851 1520 1006 1560 scriptura
1023 1530 1151 1561 ηνεσται
1170 1528 1239 1555 orta
1255 1530 1313 1557 est.

497 1701 681 1748 oedip.
706 1702 808 1741 Col.
836 1711 880 1742 v.
904 1701 1040 1742 1692
1063 1721 1111 1730 —
1134 1703 1291 1745 1699.

424 1758 535 1796 Πόθος
554 1764 606 1791 καὶ
625 1763 727 1792 κακῶν
746 1760 791 1802 ἄρ’
813 1759 852 1801 ἦν
870 1774 926 1798 τις.

425 1811 476 1837 καὶ
495 1807 552 1848 γὰρ
572 1806 592 1838 ὃ
610 1807 737 1847 μηδαμὰ
757 1807 792 1848 δὴ
811 1807 848 1838 τὸ
868 1810 978 1848 φίλον,
998 1810 1099 1849 φίλον·

427 1848 523 1885 ὁπότε
541 1865 574 1892 γε
593 1858 645 1885 καὶ
664 1854 721 1886 τὸν
740 1855 775 1887 ἐν
794 1859 899 1896 χεροῖν
917 1860 1067 1894 κατεῖχον.

332 1907 537 1939 Vehementer
562 1911 685 1941 turbant
711 1911 881 1942 orationem
909 1922 1002 1944 voces
1028 1915 1079 1942 καὶ
1099 1911 1163 1943 τόν.
1206 1914 1386 1954 luurpretes
1407 1916 1545 1956 plerique
