1759 2481
846 126 892 161 32

210 234 264 264 ἐπὶ
284 236 372 270 ξένας
392 235 507 265 θανεῖν
526 239 557 264 et
577 233 683 274 ἔρημος
710 232 823 267 ἔθανες
850 228 910 263 ὧδέ
933 243 987 271 μοι
1006 233 1109 272 inepte
1134 233 1214 264 inter
1233 240 1268 262 se
1287 231 1426 271 copulari
1445 233 1521 263 vidi-

210 290 291 317 muS‚
312 280 345 311 id
370 286 419 311 est
443 281 476 311 in
503 280 636 324 ἔχρῃζες,
663 276 746 310 ἀλλ’.
787 279 895 319 Neque
920 279 997 309 illud
1023 285 1099 318 puto
1124 280 1267 319 cuiquam
1284 278 1522 320 posndubium

213 327 323 362 videri,
343 327 419 367 quin
445 328 582 358 membra
607 326 661 357 illa
680 335 743 357 non
762 327 883 366 possint
902 326 1061 357 commode
1080 326 1112 356 in
1135 335 1229 358 unam
1249 324 1431 357 sententiam
1451 335 1524 356 con·

210 374 309 413 iungi,
328 374 391 404 nisi
410 374 443 404 in
462 374 557 404 hanc:
579 382 700 413 quare
719 373 853 403 nonin
876 373 1087 412 peregrina
1107 379 1215 404 terra
1240 378 1276 404 te
1295 373 1388 403 mori
1410 381 1523 410 opor·

209 421 336 457 tebet,
362 420 401 450 in
421 429 494 459 qua
514 420 574 450 sic
600 420 787 450 desertus
813 419 905 449 mihi
928 423 1108 450 mortuus
1127 428 1179 450 es.
1219 420 1326 458 ltaque
1350 419 1410 449 hoc
1430 428 1523 448 unum

211 474 319 497 verum
339 466 496 496 existimo:

400 513 444 552 τῷ
463 511 504 551 μνῆ
524 512 580 550 γᾶς
600 511 654 542 ἐπὶ

401 559 491 594 ξένας
509 560 624 588 θανεῖν
643 558 733 597 ἐχρῆν
752 554 794 593 0³,
814 554 861 597 ἐφ’
883 553 921 592 ἇς
940 555 963 595 γ’

403 604 511 645 ἔρημος
531 604 643 638 ἔθανες
663 600 724 634 ὧδέ
740 614 804 643 μοι.

310 652 487 689 Librarius,
515 651 642 690 opinor,
668 651 699 681 in
727 660 862 681 errorem
888 650 1017 681 adduxit
1042 650 1133 682 simul
1159 659 1268 682 recens
1290 651 1438 681 memoria
1457 660 1524 681 ver-

213 700 321 728 borum
342 694 380 733 ἇς
400 698 501 741 ἔχρῃζε
520 699 575 735 γᾶς
594 697 647 727 ἐπὶ
668 698 755 733 ζὲνας
776 697 873 728 ἔθανε
892 699 937 736 (v.
956 699 1071 736 1⁷o5.),
1090 704 1122 728 et
1139 698 1280 729 mutilata
1298 697 1376 728 sorte
1396 698 1484 728 litera
1502 709 1527 737 φ

214 754 313 783 eoque
333 751 474 775 exortum
493 744 689 779 vocabulum,
709 746 791 783 quod
811 744 928 774 nullum
942 750 1000 783 est,
1015 745 1267 780 EXPHNGEC,
1283 744 1414 776 fortasse
1433 746 1525 775 etiam

215 791 293 822 male
313 795 458 822 exaratae
478 790 528 821 vel
549 791 612 820 situ
631 791 752 820 attritae
772 800 868 821 voces
888 791 985 821 ΑΟΓ.

589 986 817 1024 Philoct.
841 994 885 1024 v.
907 984 1030 1025 4²4.
1056 993 1160 1031 secl.

406 1075 518 1111 Κεΐνός
537 1087 570 1113 γε
588 1075 725 1115 πράσσει
745 1077 804 1106 νῦν
822 1077 936 1112 κακῶς,
956 1076 1025 1106 ἐπεὶ
1045 1074 1156 1106 θανὼν

403 1119 581 1159 Ἀντίλοχος
601 1119 685 1162 αὐτῷ
706 1122 857 1161 φροῦδος,
878 1120 969 1162 ὅςπερ
990 1119 1028 1160 ἦν
1047 1120 1145 1158 γόνος.

314 1207 400 1238 Haec
412 1216 508 1245 quum
522 1206 744 1244 Neoptolemus
759 1206 947 1236 Philoctetae
965 1207 1132 1245 respondet
1145 1206 1183 1236 de
1202 1205 1343 1236 Nestoris
1356 1207 1533 1241 valetudine

205 1252 421 1293 'percontanth
449 1252 585 1282 absurde
617 1261 688 1282 eum
720 1251 816 1291 loqui,
844 1252 871 1281 si
898 1250 937 1282 de
962 1251 1138 1287 Anfilocho,
1166 1260 1256 1291 quern
1291 1251 1475 1285 Philoctetes
1500 1261 1533 1286 et

220 1300 451 1331 Lacedaemone
475 1299 555 1329 inter
580 1308 691 1338 procos
717 1303 748 1328 et
773 1298 887 1329 Aulide
913 1299 992 1329 inter
1011 1298 1085 1329 belli
1107 1298 1210 1329 socios
1234 1298 1365 1336 viderat,
1385 1298 1429 1336 id,
1449 1301 1533 1341 quod

221 1356 329 1377 omnes
347 1346 418 1378 libri
437 1345 562 1381 liabent,
581 1345 698 1376 diceret
724 1342 815 1383 ὅςπερ
839 1341 879 1384 ἢν
904 1343 1011 1383 γόνος,
1030 1346 1091 1376 iam
1111 1354 1131 1375 a
1149 1344 1307 1376 Brunckio
1327 1351 1376 1376 est
1397 1348 1534 1378 animad-

220 1402 357 1423 versum.
397 1391 485 1426 Quas
511 1390 648 1421 medelas
672 1390 864 1429 corruptelae
896 1392 994 1423 critici
1019 1391 1203 1427 attulerunt,
1232 1391 1366 1422 breviter
1393 1399 1534 1424 recenset

224 1439 262 1469 G.
282 1438 431 1469 Woiffius
450 1438 489 1468 de
509 1437 618 1468 scholl.
645 1436 739 1467 Laur.
765 1446 795 1476 p.
823 1438 889 1470 150.
931 1438 966 1468 ln
992 1438 1105 1479 quibus
1132 1437 1184 1477 qui
1204 1447 1286 1468 unus
1309 1438 1440 1478 optime,
1459 1440 1536 1480 quid

223 1485 388 1515 conveniat
412 1484 473 1514 hoc
497 1484 566 1514 loco
596 1493 616 1513 a
646 1483 847 1523 Neoptolemo
879 1484 995 1514 dictum
1026 1493 1116 1520 esse,
1142 1485 1313 1523 perspexit,
1340 1485 1535 1517 Hei-mannus

222 1532 256 1561 in
276 1530 558 1561 Retractationibus
578 1531 792 1560 adnotatorum
812 1530 851 1560 ad
872 1529 1036 1570 Sophoclis
1055 1529 1267 1568 Philoctetam,
1287 1540 1365 1571 quas
1385 1534 1535 1564 creationi

221 1577 439 1617 philosophiae
458 1577 616 1608 doctorum
636 1587 665 1607 a.
681 1577 767 1609 1841.
787 1577 923 1617 scripsit,
943 1587 974 1617 p.
988 1578 1034 1609 6.:
1075 1578 1242 1617 „Apertum
1260 1584 1339 1617 θεῖα,
1360 1579 1413 1617 ait,
1436 1581 1535 1611 „eius-

222 1625 306 1655 modi
327 1624 401 1664 quid
421 1623 486 1655 illis
498 1624 601 1654 verbis
615 1624 822 1664 significatum
835 1634 919 1661 esse,
939 1625 1021 1665 quod
1034 1634 1176 1656 caussam
1190 1625 1372 1662 contineret,
1391 1626 1431 1657 ob
1444 1636 1536 1667 quam

225 1671 364 1702 acerbior
383 1675 468 1701 esset
486 1670 580 1701 huius
599 1671 657 1701 filii
675 1680 759 1701 mors
778 1670 913 1701 Nestori.
952 1672 1236 1702 Animadverteram
1261 1672 1334 1708 hoc,
1353 1673 1422 1708 sed,
1441 1682 1536 1712 quum

228 1727 320 1757 quam
348 1717 507 1749 minimum
534 1718 574 1748 ab
598 1717 725 1757 antiqua
753 1717 907 1757 scriptura
935 1718 1080 1749 recedere
1103 1717 1233 1754 vellem,
1258 1728 1320 1748 non
1349 1720 1440 1757 posui
1468 1728 1537 1750 eam

226 1774 354 1794 vocem«
379 1765 541 1803 (posuerat
564 1765 692 1803 μένος),
720 1774 828 1804 »quam
855 1774 875 1794 a
900 1771 991 1803 poeta
1015 1763 1180 1803 profectam
1203 1773 1275 1794 esse
1302 1765 1467 1796 verisimile
1485 1767 1536 1796 sit.

225 1811 318 1841 Nunc
336 1811 529 1841 scribendum
549 1815 624 1850 puto
645 1808 737 1850 ὅςπερ
757 1806 796 1850 ἦν
814 1810 922 1849 μέλων.
962 1810 1052 1848 Nam,
1072 1815 1107 1841 ut
1125 1811 1205 1846 seni,
1224 1819 1305 1850 opus
1323 1816 1390 1842 erat
1402 1811 1537 1849 Nestori,

227 1858 280 1896 qui
310 1856 380 1887 eius
410 1867 513 1887 curam
543 1862 663 1896 gereret
690 1862 957 1896 propugnaretque
985 1866 1042 1896 pro
1073 1866 1110 1888 eo
1135 1858 1168 1887 in
1197 1857 1334 1897 proeliis.
1373 1857 1409 1888 ld
1436 1865 1538 1890 autem

229 1902 395 1939 Antilocho
426 1903 617 1941 potissimum
647 1903 865 1941 conveniebat,
893 1904 945 1942 qui
971 1908 1003 1934 et
1026 1908 1102 1935 natu
1130 1903 1228 1935 maior
1251 1909 1282 1936 et
1306 1903 1416 1935 fortior
1442 1904 1538 1937 fratre
