1759 2481
904 119 950 153 22

273 231 306 257 ut
327 226 386 256 hoc
405 224 522 255 diceret
548 225 678 255 chorus:
704 233 763 264 ego
789 224 818 255 si
843 230 932 256 vates
958 234 1027 256 sum
1054 230 1085 256 et
1110 226 1201 256 bonis
1220 225 1420 265 honestisque
1442 227 1587 257 sensibus

272 273 419 306 imbutus,
439 271 460 300 i.
482 280 509 301 e.
525 271 552 300 si
573 275 604 301 et
617 275 706 301 vates
725 280 795 301 sum
814 276 846 302 et
864 272 1083 302 beneficiorum
1102 281 1218 302 memor
1240 272 1285 309 (el
1295 270 1334 310 μὴ
1348 269 1438 305 κακὸς
1454 273 1586 311 πέφυκα.

275 317 405 347 Philoct.
425 325 458 347 v.
479 316 577 355 558.).
617 316 705 351 Quae
725 318 879 347 sententia
896 317 970 348 licet
989 318 1028 348 ab
1046 317 1106 349 hoc
1124 317 1207 354 loco,
1226 318 1279 348 ubi
1299 317 1411 349 chorus
1424 325 1460 348 se
1479 318 1587 349 crasti-

274 374 314 395 no
334 364 385 395 die
405 363 620 397 Cithaeronem
640 370 785 401 montem,
805 370 839 396 nt
861 365 1030 404 Oedipodis
1048 365 1231 405 genitorem,
1257 365 1400 396 laudibus
1419 365 1587 395 saltationi·

273 413 395 450 busque
421 411 645 442 celebraturum
670 412 872 447 vaticinatur,
901 421 963 442 non
987 412 1111 442 omnino
1130 412 1231 442 aliena
1250 413 1409 449 videatur,
1433 412 1525 441 habet
1543 416 1588 441 ta-

273 466 344 487 men
365 457 471 488 nescio
498 457 573 497 quid
598 456 707 487 inutile
733 462 826 497 atque
851 457 1056 497 importunum
1082 458 1145 489 ista
1169 458 1249 497 grati
1275 458 1367 488 animi
1387 457 1586 497 praedicatio,

274 504 455 543 praesertim
475 514 569 543 quum
589 504 746 535 ornandae
765 509 883 535 tantum
902 505 1051 535 orationis
1064 513 1160 535 causa
1174 504 1390 535 celebrationis
1406 504 1493 535 illius
1505 513 1588 535 men-

274 550 318 580 tio
343 550 507 581 iniiciatur.

355 596 443 631 Quae
462 607 555 637 quum
575 598 618 627 ita
644 598 717 633 sint,
744 597 803 627 hac
821 598 874 628 via
894 598 935 627 ad
955 607 1063 628 verum
1082 598 1236 638 perveniri
1257 606 1349 637 posse
1369 597 1442 627 mihi
1467 598 1589 636 quidem

274 652 406 683 prorsus
426 644 650 683 desperandum
671 644 802 674 videtur.
844 644 926 679 Quid
947 650 1063 682 autem,
1085 645 1113 675 si
1133 646 1234 675 rarius
1255 644 1378 683 aliquod
1403 644 1587 674 vocabulum

275 700 295 721 a
323 690 402 720 κατὰ
429 691 630 729 compositum
656 686 801 720 librarios
827 689 951 727 fefellit,
977 696 1012 721 nt
1035 700 1147 722 nomen
1173 701 1192 722 a
1215 690 1453 730 praepositione,
1472 695 1589 720 mutata

275 736 500 773 terminatione,
522 736 723 767 divellerent?
763 736 826 767 Fac
846 737 1012 776 Sophoclis
1031 742 1131 768 aetate
1155 738 1187 768 in
1206 746 1266 768 nsu
1290 736 1389 767 fuisse
1408 745 1517 766 nomen
1536 736 1589 766 ali-

278 784 360 823 quod
379 784 606 814 substantivum
633 781 858 822 καταγνώμων,
884 794 923 814 ex
948 785 1043 814 verbo
1067 781 1340 822 καταγιγνώσκειν,
1365 788 1508 814 accurate
1538 793 1588 814 co-

277 839 428 869 gnoscere
453 829 505 859 vel
530 830 666 860 iudicare
687 830 782 867 (Xen.
813 830 886 860 Oec.
913 831 945 866 2,
966 831 994 862 1.
1018 831 1061 862 18.
1082 830 1197 860 Aesch.
1218 830 1305 860 Eum.
1326 839 1357 859 v.
1376 830 1444 860 643.
1465 829 1589 869 Antiph.

278 875 333 913 Vl,
355 875 402 915 3.)
428 876 535 906 eodem
561 876 652 906 modo
673 876 859 912 derivatum,
886 887 948 916 quo
974 873 1104 915 γνώμων
1122 885 1162 907 ex
1180 874 1375 913 γιγνώσκειν,
1399 885 1462 906 non
1487 876 1590 913 video,

279 923 352 962 quid
372 922 552 961 reprehendi
571 923 673 961 possit
691 923 724 952 in
743 922 803 953 hac
822 923 976 953 oratione:

563 971 614 997 καὶ
634 966 841 1007 καταγνώμων
861 968 954 1008 ἴδρις,

278 1020 314 1044 et
334 1013 511 1045 callidus
535 1024 662 1045 rerum
686 1015 930 1045 aestimator.
972 1014 1062 1046 Certe
1081 1025 1192 1046 nomen
1210 1015 1341 1055 simplex
1360 1013 1489 1053 γνώμων
1507 1015 1540 1045 in
1558 1024 1592 1045 re

277 1061 372 1091 simili
391 1067 573 1099 usurpatum
594 1066 641 1091 est
667 1062 707 1091 ab
734 1061 890 1099 Aeschylo
915 1062 946 1091 in
970 1062 1080 1099 Agam.
1108 1070 1137 1090 v.
1167 1061 1252 1091 1101.
1272 1058 1442 1100 θεσφάτων
1464 1058 1593 1099 γνώμων

279 1104 386 1144 ἄκρος,
407 1111 439 1135 et
458 1115 477 1136 a
496 1106 677 1145 Thucydide
697 1106 725 1141 l,
754 1106 820 1136 138.
840 1107 905 1135 τῶν
924 1107 1111 1144 παραχρῆμα
1130 1105 1290 1146 κράτιστος
1313 1104 1452 1144 γνώμων.

359 1151 449 1186 Quae
468 1159 639 1192 sequuntur
658 1152 755 1182 verba
775 1148 812 1182 οὗ
832 1151 889 1183 τὸν
910 1149 1077 1191 ’Όλυμπον
1097 1169 1132 1174 —-
1153 1149 1280 1192 αὔριον,
1294 1152 1431 1183 numeris
1450 1152 1592 1183 antistro-

278 1199 382 1238 phieis
400 1208 463 1229 non
483 1199 659 1229 concinunt.
701 1198 869 1232 Quaerenti
887 1199 928 1228 de
947 1198 1022 1229 sede
1041 1199 1109 1229 vitii
1129 1199 1160 1229 in
1174 1199 1302 1238 stropha
1320 1198 1408 1236 nihil,
1429 1200 1511 1238 quod
1531 1208 1593 1230 non

279 1250 363 1276 recte
382 1249 513 1284 apteque
533 1245 647 1275 dictum
666 1245 821 1281 videatur,
847 1244 981 1274 occurrit
1001 1245 1043 1288 *),
1062 1245 1094 1274 in
1114 1245 1307 1284 antistropha
1324 1251 1426 1275 autem
1449 1255 1512 1275 non
1531 1246 1594 1276 exi·

280 1301 374 1332 guam
405 1291 596 1330 corruptelae
628 1291 837 1330 suspicionem
869 1295 974 1321 movet
1003 1291 1107 1330 inepta
1134 1292 1223 1323 vocis
1251 1289 1390 1332 θυγάτηρ
1423 1291 1592 1324 collocatio.

280 1339 360 1369 Nam
381 1348 476 1377 quum
496 1338 572 1368 ordo
592 1338 756 1368 verborum
777 1338 886 1368 debeat
904 1337 957 1368 hic
976 1346 1063 1368 esse:
1083 1339 1130 1373 τίς
1143 1332 1170 1369 1?
1180 1336 1293 1375 ἔτικτες
1312 1338 1377 1369 τῶν
1389 1335 1593 1378 maeandro-v

279 1383 341 1423 ἄρα
359 1382 498 1424 θυγάτηρ
517 1395 580 1420 τις,
607 1384 882 1423 προςπελασθεῖσα
901 1382 1010 1418 Πανὸς
1035 1381 1052 1423 ἢ
1073 1385 1207 1420 Λοξίους
1231 1389 1359 1424 apparet
1383 1393 1493 1415 vocem
1518 1385 1593 1414 utri-

281 1432 341 1469 'que
360 1431 496 1461 membro
516 1438 710 1460 communem
731 1427 867 1470 θυγᾶτηρ
886 1439 949 1460 non
968 1435 1051 1461 recte
1070 1430 1252 1461 collocatam
1271 1439 1343 1461 esse
1361 1435 1433 1470 post
1455 1427 1473 1469 ἢ
1494 1432 1531 1461 σέ
1548 1441 1591 1468 γε,

283 1485 344 1515 quo
364 1475 433 1506 loco
452 1476 484 1506 id
505 1477 608 1515 potius
628 1475 841 1507 collocandum
861 1481 937 1513 erat,
952 1476 1035 1515 quod
1055 1476 1150 1516 priori
1162 1476 1299 1508 membro
1310 1481 1395 1508 esset
1408 1478 1593 1517 oppositum.

325 1570 353 1606 ')
378 1569 415 1601 G.
444 1568 582 1609 Wolsfius
608 1569 646 1600 de
671 1568 779 1600 echon.
805 1569 952 1601 Laurent.
976 1580 1011 1610 p.
1032 1569 1081 1601 91.
1101 1569 1219 1601 scholio
1246 1565 1302 1600 οὔκ
1327 1568 1381 1614 ἔσῃ
1402 1569 1446 1605 εἰς
1464 1568 1521 1610 τῆν
1540 1567 1595 1601 αὖ·

374 1626 442 1656 ριον
468 1612 636 1656 ἀπείρατος
662 1616 838 1656 confirmari
862 1621 954 1657 putat
979 1617 1164 1653 Her-manni,
1184 1626 1273 1657 quam
1299 1617 1369 1649 olim
1385 1617 1480 1658 fecit,
1501 1627 1595 1648 emen-

374 1663 547 1694 dationem.-
567 1658 622 1692 οὔκ
642 1662 706 1693 ἔσει
719 1660 831 1702 αὔριον
851 1662 882 1698 ἐς
893 1663 1099 1702 πανσέληνον.
1140 1663 1223 1694 Nam
1238 1664 1357 1695 minime
1368 1673 1437 1695 esee
1449 1663 1595 1695 credibile

374 1709 572 1741 scholiastam
596 1710 797 1741 usitatissimo
822 1711 1000 1742 accusativo
1026 1711 1173 1751 temporie
1195 1711 1458 1749 praepositionem
1477 1709 1521 1744 εἷς
1540 1710 1594 1741 od-

377 1757 507 1787 diturum
524 1757 637 1796 fuisse,
657 1757 719 1786 nisi
745 1766 810 1787 eam
829 1757 960 1796 leqisset.
1000 1758 1137 1797 Fugerat
1157 1757 1255 1787 virum
1274 1756 1488 1792 doctis-rim,
1508 1766 1596 1797 quum

377 1803 440 1832 ieta
458 1803 623 1839 scribebat,
642 1803 781 1834 Pollucis
807 1804 893 1834 locus
918 1804 949 1840 1,
975 1803 1025 1834 66.
1046 1799 1281 1842 φιλοτιμότερον
1306 1804 1342 1840 (i.
1364 1813 1389 1834 e.
1411 1803 1593 1843 elegantia-v

377 1850 578 1887 προς-τιθέναι
597 1847 654 1889 τὴν
680 1849 723 1884 εἷς
741 1847 895 1890 πρόθεσιν
920 1852 989 1884 ταῖς
1013 1846 1177 1885 ἐπιούσαις
1202 1844 1345 1890 ἥμέραις,
1364 1848 1434 1881 οἷον
1454 1849 1509 1884 εἰς
1529 1846 1596 1880 αὔ-

377 1905 484 1933 ριον,
505 1895 547 1929 εἰς
567 1894 622 1934 τὴν
641 1896 813 1933 ἐπιοῦσαν,
832 1899 883 1927 καὶ
904 1896 947 1931 εἰς
966 1892 1081 1936 ἧμέραν
1099 1893 1136 1933 γ’.
