1759 2481
817 137 864 171 29

188 244 394 274 Hermannum
419 247 607 281 sequuntur,
636 242 689 282 qui
718 242 751 273 in
779 248 910 282 utraque
934 251 994 274 sua
1021 242 1155 273 editione
1180 242 1219 272 ad
1245 252 1276 273 v.
1305 242 1391 289 1629.
1417 243 1493 273 haec

187 289 365 320 adnotavitz

281 335 371 366 »Vae
391 334 502 364 omittit
527 343 568 371 γε.
608 333 769 373 ingeniose
788 333 963 375 Reisigius,
990 331 1033 366 ὅτ’
1054 331 1094 375 ἦν
1111 344 1161 373 γε,
1188 336 1240 364 καὶ
1259 331 1317 364 τὸν
1336 334 1370 365 ἐν
1389 338 1493 376 χεροῖν

187 384 362 419 metzam·
377 380 540 412 Librorum
558 381 728 420 scriptura,
754 391 845 436 quae
853 383 999 422 impedita
1016 383 1088 413 visa
1110 386 1159 413 est
1178 381 1342 419 Elmsleio,
1370 382 1492 413 defendi

187 434 304 466 potest,
326 428 355 457 si
374 427 617 464 meminerimus,
636 428 720 459 aliud
738 437 811 458 esse
830 424 945 464 ὁπότε,
964 429 1047 468 quod
1066 428 1220 458 infinitum
1239 432 1306 463 est·
1324 427 1447 458 aliud“
1429 439 1492 464 πε,

187 475 270 515 quod
289 474 417 505 finitum.
457 473 507 504 Ex
525 483 587 514 quo
606 479 690 514 patet
708 484 772 506 non
790 484 884 514 posse
909 484 1035 506 sensum
1060 484 1149 511 esse,
1175 484 1289 515 quum
1315 474 1427 505 illum
1453 475 1493 505 in

187 521 364 552 manibus
383 521 586 559 habebam,
606 522 689 561 quod
706 521 868 553 dicendum
880 521 992 553 suisset
1010 519 1074 558 ὅτε,
1093 521 1160 559 sed,
1180 522 1253 561 quia
1266 516 1364 551 ὁπότε
1377 521 1493 553 dictum

186 574 253 605 est,
278 568 428 600 rationem
452 568 540 600 reddi
564 568 821 608 praecedentium.
860 568 964 609 Atque
988 569 1034 600 ita
1056 569 1150 600 etiam
1169 570 1220 598 καὶ
1241 568 1317 607 quid
1336 569 1396 599 sibi
1416 568 1493 599 velit

186 615 317 655 intelligi
336 620 447 655 potest.
487 615 554 646 noc
573 615 653 646 enim
673 615 748 646 dicit
765 615 938 656 Antigona:
958 624 1054 655 ergo
1073 615 1191 646 etiam
1211 614 1396 645 malorum
1417 615 1491 645 ali-

187 663 287 701 quod
309 662 552 692 desiderium
569 666 649 692 est:
675 671 758 692 nam
777 662 893 692 etiam
912 662 1013 701 quod
1033 661 1189 692 minime
1208 661 1247 691 id
1267 665 1370 698 erat,
1390 662 1490 700 quod

186 713 338 749 gratum
363 713 488 744 esset,
515 712 666 747 gratum
691 712 767 745 est,
798 708 1112 747 quandoquidem
1138 709 1254 739 etiam
1280 708 1388 738 illum
1416 718 1491 739 ma-

186 756 303 787 nibus
329 754 530 786 fovebam:
559 754 580 786 i.
606 763 635 786 e.
664 754 913 795 quandoquidem
938 754 1032 786 etiam
1057 756 1156 786 virum
1187 764 1312 787 caecum
1341 761 1372 786 et
1400 755 1492 786 malis

185 811 263 842 pene
283 811 465 842 oppressum
484 800 592 832 sedulo
612 802 787 832 eumbams

279 849 399 880 Vellem
428 848 609 887 explicatius
634 848 766 879 dixisset
789 849 839 880 vir
863 857 1021 887 summus,
1052 848 1205 889 quomodo
1231 849 1293 879 ista
1317 848 1494 888 Antigonae

187 897 270 926 dicta
286 896 366 926 inter
386 905 421 926 se
440 894 604 926 cohaerere
622 895 822 925 existimaret.
848 895 928 925 lllud
944 896 1068 935 quidem
1087 896 1200 933 docuit,
1221 896 1367 925 extremis
1387 896 1493 926 verbis

185 943 335 973 rationem
352 942 439 972 reddi
459 941 714 980 praecedentium.
754 940 968 972 Praeceduut:
996 951 1087 972 „nam
1104 941 1195 971 etiam
1215 941 1299 980 quod
1316 942 1440 972 minime
1459 942 1493 971 id

184 993 263 1025 erat,
282 988 365 1028 quod
384 993 507 1028 gratum
526 991 622 1023 esset,
640 991 761 1027 gratum
779 991 856 1018 ests:
897 987 986 1017 Patet
1003 987 1064 1018 hoc
1082 992 1234 1026 gratum
1260 992 1321 1018 est
1342 996 1405 1018 non
1424 989 1492 1018 uni-

183 1044 275 1066 verse
294 1044 365 1066 eum
383 1034 515 1072 intelligi
535 1033 627 1070 velle,
647 1038 683 1065 ut
701 1034 758 1064 sit:
777 1038 928 1073 gratum
948 1037 1009 1064 est
1026 1033 1270 1070 hominibus,
1290 1034 1346 1064 sed
1365 1035 1404 1065 de
1422 1034 1492 1064 sola

184 1082 357 1120 Antigona,
384 1085 418 1109 ut
444 1080 503 1108 sit:
534 1088 636 1109 nunc
663 1079 756 1109 mihi
785 1083 937 1117 gratum
967 1084 1037 1109 est.
1076 1080 1242 1118 Alioquin,
1269 1085 1302 1109 ut
1327 1081 1406 1110 ratio
1430 1081 1490 1110 sibi

185 1132 350 1163 constaret,
372 1125 533 1156 dicendum
552 1130 637 1155 erat:
660 1129 793 1164 potest
818 1129 968 1163 gratum
994 1132 1093 1154 esse.
1132 1125 1212 1156 Nam
1232 1126 1315 1165 quod
1336 1126 1491 1167 Antigona

184 1174 322 1214 suscepit
347 1172 508 1204 molestam
533 1171 592 1202 viri
619 1171 703 1202 caeci
729 1170 934 1209 curationem,
960 1179 1000 1201 ex
1025 1180 1063 1202 eo
1082 1180 1145 1202 non
1168 1173 1324 1212 sequitur,
1350 1179 1385 1203 ut
1410 1174 1492 1204 sint

184 1227 290 1263 gratae
308 1220 485 1251 hominibus
507 1218 685 1255 molestiae,
712 1218 769 1248 sed
793 1222 828 1248 ut
853 1218 1011 1257 possint
1035 1222 1142 1257 gratae
1168 1228 1248 1249 esse.
1291 1219 1395 1259 ltaque
1416 1221 1490 1251 Her-

184 1277 316 1299 mannus
334 1267 396 1297 hoc
414 1266 537 1296 videtur
556 1265 595 1295 ab
616 1264 773 1304 Antigona
791 1264 906 1294 dictum
924 1268 1049 1302 putare:
1075 1273 1131 1295 cur
1149 1274 1232 1295 nunc
1250 1266 1310 1295 sibi
1330 1271 1419 1305 grata
1438 1268 1490 1304 sit,

183 1324 263 1356 quae
281 1319 373 1346 antea
392 1313 512 1353 ingrata
530 1316 597 1343 erat
616 1321 654 1342 ac
671 1310 813 1346 molesta,
832 1310 932 1350 patris
951 1319 1037 1348 eura,
1057 1309 1138 1342 banc
1156 1320 1228 1342 esse
1247 1321 1386 1350 causam,
1407 1314 1490 1353 quod

183 1363 276 1394 etiam
301 1362 401 1391 virum
426 1368 551 1390 caecum
576 1363 608 1389 et
633 1357 723 1388 malis
747 1366 825 1397 pene
851 1366 1033 1397 oppressum
1059 1357 1169 1388 sedulo
1192 1360 1356 1391 curaverit.
1396 1360 1488 1395 Quod

185 1419 246 1450 qua
264 1408 384 1440 ratione
402 1406 572 1441 efficiatur,
597 1405 740 1445 equidem
759 1414 821 1435 non
841 1404 1011 1444 perspicio,
1037 1405 1099 1434 nisi
1124 1404 1200 1440 hac,
1227 1406 1310 1445 quod
1329 1411 1418 1446 grata
1439 1413 1489 1437 est

184 1462 267 1487 recte
285 1455 435 1486 factorum
455 1452 653 1484 conscientia.
692 1451 739 1481 lta
756 1460 833 1482 vero
858 1450 977 1481 tollitur
996 1450 1191 1487 coniunctio,
1218 1462 1280 1491 qua
1298 1452 1376 1483 haec
1394 1454 1490 1484 verba

184 1502 348 1534 cohaerent
366 1509 437 1531 cum
456 1498 609 1529 sententia
627 1498 787 1538 primaria:
807 1506 882 1537 ergo
902 1497 994 1528 etiam
1011 1496 1161 1528 malorum
1180 1497 1306 1538 aliquod
1333 1499 1489 1531 deside-

184 1551 282 1581 rium
302 1553 360 1578 est.
400 1546 470 1576 Non
490 1546 571 1576 enim
590 1550 768 1585 propterea,
789 1545 870 1585 quod
890 1550 978 1584 grata
997 1550 1046 1575 est
1064 1544 1275 1576 molestiarum
1295 1545 1489 1578 laudabiliter

183 1600 395 1635 susceptarum
420 1592 609 1630 recordatio,
636 1593 782 1623 continuo
808 1592 900 1622 etiam
925 1592 1199 1622 desideramus
1224 1601 1295 1630 eas,
1326 1593 1385 1623 nisi
1411 1594 1488 1633 ipsis

183 1643 353 1678 immixtum
373 1641 415 1671 sit
434 1639 569 1679 aliquid,
594 1639 676 1678 quod
696 1637 857 1669 dulcedine
877 1647 936 1669 sua
954 1639 1056 1679 capiat
1078 1639 1213 1669 animum
1232 1643 1325 1679 atque
1343 1640 1487 1671 deleniat.

183 1691 252 1721 Non
270 1698 345 1728 ergo
364 1687 444 1720 huuc
462 1691 537 1726 puto
557 1685 725 1719 Hermanni
744 1685 927 1716 sententiam
946 1695 1029 1723 esse,
1050 1695 1245 1725 quamquam,
1266 1696 1345 1725 quae
1365 1688 1487 1717 tandem

182 1736 284 1777 possit
309 1734 372 1766 alia
397 1742 486 1770 esse,
512 1741 612 1773 neque
637 1731 710 1763 mihi
736 1732 864 1772 contigit
888 1732 1081 1772 perspicere,
1102 1740 1207 1773 neque
1231 1732 1398 1763 amicorum
1424 1734 1488 1765 cni·

183 1791 291 1823 quam,
320 1780 503 1821 quibuscum
527 1780 567 1810 de
591 1788 630 1810 ea
648 1787 683 1810 re
708 1778 941 1809 communicavi.
982 1778 1089 1818 ltaque
1107 1788 1166 1819 ego
1184 1779 1361 1809 etiamnunc
1380 1780 1488 1820 despe-

182 1838 257 1860 rans
276 1826 397 1858 defendi
418 1835 511 1866 posse
529 1826 677 1857 librorum
696 1826 899 1865 scripturam,
921 1835 984 1856 non
1003 1828 1055 1855 καὶ
1074 1824 1131 1856 τᾶν
1149 1826 1202 1855 sed
1223 1822 1340 1856 καῦτόν
1358 1835 1379 1857 ιι
1397 1831 1487 1866 poeta

182 1877 330 1915 scriptum
348 1874 447 1905 fuisse
466 1873 617 1913 suspicor.
658 1873 703 1903 lta
722 1878 804 1903 certe
823 1873 935 1912 optime
953 1873 1091 1911 procedit
1109 1873 1227 1903 oratio.
1248 1872 1350 1913 Ergo
1369 1874 1485 1904 etiam

183 1922 368 1953 malorum
407 1920 567 1960 aliquod
607 1919 847 1950 desiderium
885 1923 967 1949 est:
1005 1927 1089 1949 nam
1127 1920 1246 1950 etiam
1284 1920 1344 1955 id,
1383 1921 1485 1960 quod
