1759 2481
858 135 905 169 30

223 241 383 282 minime,
398 240 437 272 id
456 245 560 278 erat,
580 240 681 281 quod
701 240 915 272 iucundum
935 246 1062 277 esset,
1088 240 1300 273 iucundum
1319 239 1412 271 mihi
1431 246 1536 275 crat,

221 289 540 328 quandoquidem
572 289 649 326 (non
668 287 768 317 solum
788 287 875 324 illud,
897 288 979 328 quod
1000 297 1055 327 per
1074 297 1109 318 se
1129 288 1253 319 minime
1271 287 1437 318 iucundum
1457 294 1536 324 erat,

220 334 380 365 molestam
399 335 496 374 patris
516 343 634 371 curam,
655 333 728 372 sed)
747 333 867 364 etiam
887 334 1013 373 ipsum
1032 334 1072 364 in
1092 334 1271 365 manibus
1288 333 1484 364 habebam.

482 529 667 577 oedip.
699 528 803 568 col.
834 538 878 568 v.
902 526 1040 568 1209
1065 546 1112 554 —
1135 526 1278 568 1214.

404 619 485 653 ’Ἀνα
504 621 560 663 γὰρ
582 620 666 662 ὄμμα
685 632 722 653 σε
740 618 823 658 τόδ’,
844 617 869 652 ὦ
890 618 1008 661 πάτερ,
1028 619 1104 660 ἐμὸν

411 670 512 698 στένει
533 670 685 708 δακρῦον,
707 664 775 698 οὔδ’
799 668 875 706 ἔχω,

411 716 479 749 πῶς
498 725 536 753 με
556 713 610 754 χρὴ
630 713 667 744 τὸ
688 713 747 744 σὸν
766 712 921 745 τάλαιναν

409 757 566 801 ἀφανίσαι
585 757 714 792 τοσόνδ’
737 758 821 798 ἄχος.
844 760 880 791 m

407 807 447 846 μῆ
468 808 523 844 γᾶς
543 807 596 837 ἐπὶ
617 809 705 843 ξένας
724 809 839 838 θανεῖν
860 808 978 851 ἔχρῃζες
984 829 996 844 ,
1016 805 1081 838 ἀλλ’

411 853 519 893 ἕρημος
540 853 653 888 ἔθανες
673 850 734 885 ὧδέ
751 864 814 893 μοι.

320 938 441 970 Versus
467 939 554 970 1⁷12.
580 939 703 970 duobus
726 939 890 971 vocabulis
915 936 1042 970 τοσόνδ’
1065 944 1095 970 et
1116 938 1152 969 ἰῶ
1174 943 1292 980 pugnat
1311 948 1379 970 cum
1401 939 1536 969 numeris

222 985 370 1024 strophici
396 987 464 1021 πῶς
489 985 545 1023 γὰρ
571 984 590 1025 ἤ
614 983 670 1017 τιν’
701 984 803 1017 &utar
827 987 897 1024 γᾶν.
937 987 978 1017 Et
1005 985 1042 1017 tc»
1071 987 1193 1026 quidem
1218 987 1354 1016 certatim
1375 986 1537 1017 emendare

221 1032 323 1062 conati
343 1038 418 1063 sunt
436 1033 496 1062 viri
518 1033 612 1069 docti,
632 1034 664 1064 in
684 1034 796 1074 quibus
816 1032 1012 1063 Hermannns
1033 1034 1109 1063 bene
1128 1033 1262 1063 correxit
1280 1034 1335 1072 τῷ,
1356 1033 1389 1062 in
1408 1029 1535 1062 τοσόνδ’

223 1084 325 1109 autem
344 1079 535 1119 reliquerunt
554 1079 707 1119 syllabam
726 1079 867 1118 longam,
888 1083 1011 1118 praeter
1030 1078 1221 1119 Reisigium,
1242 1078 1295 1118 qui
1315 1076 1351 1108 τὸ
1373 1077 1432 1108 σὸν
1451 1088 1539 1118 repo-

223 1126 295 1155 suit.
337 1125 386 1154 lui
406 1125 500 1165 igitur
518 1127 699 1164 productam
718 1135 738 1156 a
758 1125 913 1163 Sophocle
932 1126 1080 1163 putabant
1099 1126 1227 1163 primam
1248 1126 1280 1155 in
1300 1122 1412 1156 ἇπίαν.
1447 1125 1539 1156 Unde

222 1180 298 1201 vero
325 1171 524 1210 productam,
552 1180 643 1211 quam
670 1176 701 1202 et
726 1179 804 1201 usus
830 1170 955 1200 Homeri
980 1175 1012 1200 et
1031 1170 1130 1209 ipsius
1151 1170 1239 1209 origo
1259 1170 1403 1200 vocabuli
1424 1171 1538 1209 corripi

222 1217 385 1248 iuberent?
425 1217 571 1254 Scilicet,
598 1227 661 1258 quo
688 1217 846 1257 acceptior
871 1217 1018 1248 existeret
1037 1216 1150 1248 Atticis
1170 1216 1297 1247 auribus
1317 1225 1477 1255 mensura,
1503 1222 1539 1248 ut

222 1265 266 1294 ait
285 1264 494 1295 Buttmannus
518 1265 550 1295 in
576 1264 715 1303 Lexilog.
742 1263 779 1294 T.
807 1264 829 1295 l.
849 1274 879 1303 p.
899 1264 948 1295 69.
994 1264 1037 1294 At
1056 1264 1128 1304 quid
1155 1264 1277 1294 tandem
1297 1264 1370 1294 insit
1389 1264 1421 1294 in
1441 1264 1537 1296 altera

223 1318 381 1346 mensura,
401 1319 498 1350 quare
517 1319 580 1340 non
601 1319 700 1350 aeque
719 1314 848 1349 accepta
872 1309 964 1341 suerit
984 1310 1107 1347 Atticis,
1127 1310 1268 1349 equidem
1287 1320 1350 1342 non
1372 1311 1539 1351 perspicio,

223 1362 254 1387 et
279 1365 317 1388 eo
343 1357 447 1389 minus
472 1357 578 1394 etiam,
605 1367 667 1398 quo
693 1357 846 1397 gratiores
871 1356 949 1388 haec
968 1356 1164 1397 aptioresque
1183 1357 1336 1389 concitato
1363 1358 1539 1399 Auu'gonae

223 1405 326 1434 animo
340 1403 437 1435 efficit
449 1413 609 1439 numeros,
621 1405 766 1435 versibus
779 1404 903 1443 quidem
917 1405 964 1435 sic
976 1404 1150 1443 descriptis,
1164 1409 1199 1435 ut
1218 1404 1379 1436 dimetrum
1393 1406 1539 1436 creticum

224 1456 254 1478 et
274 1450 450 1479 doehmium
470 1451 532 1480 duo
552 1451 708 1488 excipiant
729 1450 850 1480 dimetri
869 1450 1007 1480 iambici:

412 1495 481 1530 πῶς
500 1493 555 1535 γὰρ
576 1492 596 1534 ἤ
614 1492 671 1525 τιν’
695 1491 796 1525 ἇπίαν

415 1543 475 1580 γᾶν
494 1539 512 1582 ἢ
533 1540 667 1574 πόντιον

413 1586 538 1619 κλύδων’
561 1586 719 1628 ἆλῶμεναι
739 1591 807 1628 βίου

414 1632 577 1669 δύςοιστον
596 1636 706 1674 ἕξομεν
723 1634 859 1675 τροφάνς

226 1682 346 1715 Quibus
366 1682 505 1713 numeris
518 1687 553 1712 ut
565 1683 811 1713 accommodetur
823 1682 1025 1723 antistropha,
1038 1682 1102 1714 leni
1119 1682 1178 1714 hac
1190 1683 1357 1714 mutatione
1375 1693 1453 1723 opus
1474 1689 1538 1713 est:

412 1726 571 1769 ἀφανίσαι
590 1726 687 1759 τόσον
706 1726 791 1765 ὄχος.

412 1776 456 1815 τῷ
476 1775 516 1814 μὴ
537 1776 594 1811 γᾶς
614 1774 667 1804 ἐπὶ

415 1822 503 1855 ξένας
521 1822 637 1851 θανεῖν
657 1820 789 1864 ἔχρῃζες,
810 1818 879 1851 ἀλλ’

417 1865 523 1906 ἕρημος
544 1867 656 1903 ἔθανες
677 1862 738 1899 ὧδέ
754 1878 820 1907 μοι.

325 1914 389 1945 Sed
409 1915 546 1944 numeris
564 1916 716 1946 restitutis
734 1915 871 1946 nondum
890 1919 1088 1954 pei-sanatum
1102 1923 1173 1946 esse
1187 1916 1299 1954 locum,
1313 1921 1375 1948 tam
1388 1917 1536 1949 orationis
