1759 2481
847 108 869 142 3

206 214 348 244 rabulum
369 214 493 247 αἴθινος
512 212 595 243 sumo
615 217 646 243 et
664 212 757 252 lignis
778 211 934 252 epitheton
953 212 1007 243 dat
1025 212 1216 252 Hesychius:
1237 216 1363 247 αῑθινος
1383 224 1510 245 καπνος-

207 256 224 288 ὃ
255 257 367 299 δριμύς.
398 259 538 297 αἶθίνην·
568 261 727 298 καυσῖμην.
765 256 868 289 ἄθινα
897 257 982 299 (lege
1008 259 1137 297 αἴθινα)
1167 256 1251 294 ξύλω
1287 256 1513 296 κατακαῦσιμα.

206 306 245 335 Et
271 306 371 347 Etym.
397 306 501 345 Magn.
528 306 641 336 αἶ’θινα
666 303 751 341 ξύλα·
778 302 948 343 εἷῖκαυστα,
979 308 1030 336 καὶ
1050 304 1167 339 καπνός
1182 305 1321 339 ἀῖθινος·
1350 300 1368 334 ὃ
1395 302 1512 343 δριμύς.

208 353 344 384 Eandem
369 362 476 383 vooem
502 353 593 383 etiam
619 353 659 383 ad
685 352 762 383 solis
788 353 929 383 ardorem
948 352 1185 391 significandum
1208 357 1309 391 aptam
1329 360 1400 381 esse
1421 361 1513 391 quum

207 412 245 431 ex
265 402 334 439 ipsa
353 400 438 429 verbi
459 399 566 429 αἴθειν
585 399 617 428 νί
636 399 852 438 intelligimus,
879 404 944 429 tum
963 399 1119 429 nominum
1140 398 1235 432 αἶθος
1260 403 1290 428 et
1309 399 1414 427 αἰθων
1432 399 1513 436 apud

207 446 381 485 Euripidem
411 452 442 475 et
472 446 638 476 Pindarum
667 455 745 476 usus
765 445 933 476 confirmat.
975 445 1082 484 Eurip.
1102 444 1210 484 Suppl.
1231 453 1261 475 v.
1278 444 1347 475 208.
1369 442 1467 474 αἶθόν
1487 441 1511 472 z'

207 490 423 530 ἐξαμύνασθαι
440 493 529 522 θεοῦ.
569 492 658 522 Pind.
677 492 764 522 Nem.
784 493 816 528 7,
839 492 902 523 108.
923 492 1040 521 αἴθωνι
1060 487 1154 530 ἁλίῳ,
1175 501 1235 530 quo
1255 491 1362 521 eodem
1381 491 1514 529 epitheto

206 539 299 569 etiam
324 537 440 569 fumum
466 543 556 569 ornat
582 537 671 578 Pyth.
694 539 721 576 l,
742 538 791 569 44.
818 535 894 577 ῥόον
919 538 1041 568 καπνοῦ
1068 538 1203 568 αἴθωνα.
1233 553 1267 559 -
1306 536 1394 566 Patet
1412 542 1514 567 autem

208 586 277 615 sons
310 586 433 616 erroris.
492 586 610 625 Nempe
643 584 738 615 semel
766 594 924 625 perperam
954 584 1114 624 dispositis
1143 584 1254 614 ceteris
1289 583 1419 613 vocibus
1432 604 1441 620 ,
1476 592 1514 612 ex

207 643 258 668 eo,
284 632 366 672 quod
392 637 552 672 supererat
578 632 751 669 literarum,
779 633 853 669 θιν,
883 637 1014 671 veteres,
1030 632 1098 662 sive
1123 630 1241 675 librarii
1261 631 1328 661 sive
1349 630 1444 660 critici
1465 641 1513 659 νιν

207 679 353 709 fecerunt.

528 874 775 912 Trachin.
799 883 843 912 v.
868 872 978 911 844
1000 892 1047 898 —
1071 871 1193 911 848.

401 963 448 994 Τὰ
467 966 525 1003 μὲν
543 961 612 995 οὔτι
631 965 809 1005 προςέβαλε,
829 963 869 995 τὰ
889 961 920 994 δ’
943 960 997 994 ἄπ’
1021 960 1177 1003 ἆλλόθρου

394 1008 515 1046 γνώμας
533 1008 654 1048 μολὸνὲ
678 1009 851 1049 ὄλεθρίαισι
870 1011 1092 1046 συναλλαγαῖς,

533 1051 552 1092 ἧ
572 1065 635 1083 που
657 1052 733 1084 ὄλοά
753 1057 869 1089 στένει,

537 1097 554 1138 ἦ
575 1110 638 1130 που
659 1097 778 1130 ἀδινῶν
796 1098 918 1138 χλωρὰν

536 1149 634 1185 τέγγει
653 1145 793 1187 δακρύων
811 1144 922 1183 ἄχναν.

304 1234 416 1265 Versui
435 1233 505 1264 846.
524 1233 578 1272 qui
602 1233 769 1271 respondet
793 1231 1034 1270 antistrophieus
1060 1231 1082 1261 ἃ
1107 1231 1179 1262 τότε
1203 1232 1289 1262 θοᾶν
1310 1233 1452 1273 νύμφαν,
1479 1244 1518 1263 ex

210 1291 248 1310 eo
268 1289 462 1312 numerorum
482 1288 595 1319 genere
614 1284 679 1316 est,
706 1278 790 1318 quod
816 1287 856 1309 ex
881 1278 982 1308 iambo
1008 1284 1040 1308 et
1064 1279 1237 1317 antispasto
1256 1286 1401 1310 constare
1422 1280 1516 1310 Wun-

209 1329 303 1357 derus
322 1326 440 1363 statuit,
461 1325 655 1357 Hermannus
674 1325 784 1355 iambis
802 1324 1053 1365 ischiorrhogicis
1065 1325 1255 1362 adnumerat,
1276 1326 1307 1355 in
1322 1326 1435 1364 quibus
1448 1336 1516 1356 ver-

210 1374 299 1404 sibus
318 1372 470 1413 syllabam
488 1371 684 1411 penultimam
702 1371 828 1402 brevem
839 1371 952 1410 longae
962 1370 1151 1410 respondere
1163 1379 1256 1410 posse
1269 1372 1443 1402 arbitratur.
1473 1374 1517 1401 At

209 1428 289 1459 quae
314 1420 382 1450 eius
408 1418 620 1458 responsionis
645 1417 788 1457 exempla
812 1417 845 1448 in
870 1417 1032 1448 Elementt.
1057 1417 1154 1449 doctr.
1179 1422 1268 1449 metr.
1291 1427 1322 1458 p.
1342 1418 1410 1449 235.
1430 1418 1519 1449 affert

209 1467 272 1496 duo
298 1482 336 1488 -
362 1474 458 1504 quum
483 1474 562 1504 pene
586 1465 821 1497 innumerabilia
845 1465 908 1495 sint
932 1464 1088 1505 legitimae
1112 1465 1326 1504 responsionis
1347 1482 1383 1488 -
1409 1474 1516 1495 eorum

209 1521 304 1543 unum
322 1512 375 1543 hio
392 1512 462 1551 ipse
480 1511 571 1543 locus
595 1517 662 1548 est,
687 1511 817 1543 alterum
842 1520 882 1543 ex
905 1511 1066 1544 Electra
1090 1511 1257 1552 Sophoclis
1282 1512 1407 1551 petitum
1433 1512 1515 1543 facili

210 1558 424 1598 probabilique
451 1558 664 1589 emendatione
691 1559 726 1589 in
754 1559 869 1589 iustam
896 1567 1092 1590 numerorum
1121 1559 1365 1598 aequabilitatem
1397 1560 1517 1589 restitui

210 1610 319 1644 potest.
360 1604 441 1636 Sunt
459 1613 571 1635 versus
589 1604 675 1636 1239.
696 1608 728 1635 et
747 1604 835 1636 1260.

351 1651 466 1691 stroph.
486 1647 551 1682 ἀλλ’
573 1648 610 1682 οὗ
629 1650 690 1683 τᾶν
702 1649 847 1692 Ἄρτεμιν
864 1651 926 1683 τᾶν
945 1652 1015 1684 αἰὲν
1033 1648 1181 1691 ricimirum

351 1699 470 1728 antistr.
484 1700 531 1731 τίς
550 1693 608 1727 οὖν
628 1694 670 1726 ἂν
689 1693 782 1732 ἀξίαν
800 1707 834 1733 γε
853 1700 913 1727 σοῦ
932 1697 1118 1737 πεφηνότσς.

212 1744 371 1776 Seidlerus
390 1744 429 1774 de
448 1743 556 1775 Verss.
577 1743 696 1775 doehm.
715 1753 748 1784 p.
770 1744 836 1775 loo.
856 1744 952 1776 scribi
970 1745 1056 1776 iubet

351 1792 384 1822 in
403 1791 531 1831 stropha
549 1787 587 1822 οὗ
606 1789 667 1822 τὰν
678 1788 823 1831 ’Ἀρτεμιν
840 1790 901 1823 τᾶν
923 1792 992 1823 αἰὲν
1010 1788 1168 1830 ἄδμῆταν,

352 1839 383 1868 in
402 1838 522 1869 antistr.
547 1839 594 1873 τίς
612 1834 671 1868 οὖν
689 1835 798 1874 ἀξίαν,
818 1839 877 1868 coit·
895 1848 929 1875 re
947 1835 1138 1877 πεφηνότος,
1545 1864 1550 1875 ..-

214 1891 246 1915 ut
265 1886 329 1915 sint
347 1884 467 1915 dimetri
486 1884 663 1916 doehmiaei.
704 1883 857 1923 Improbat
875 1883 1068 1914 Hermaunus
1094 1883 1115 1913 1.
1140 1892 1186 1918 c.,
1213 1883 1323 1918 eredo,
1350 1883 1389 1912 ob
1416 1892 1514 1913 eorre-

1286 1929 1327 1958 με
