1759 2481
872 146 896 180 9

232 254 321 293 equis
340 254 435 283 utitur
454 253 533 282 Aen.
554 250 622 287 Vll,
644 250 731 281 6322:
758 250 799 280 ad
824 250 899 289 iuga
923 249 1006 290 cogit
1030 258 1137 290 equos.
1177 251 1286 281 Forma
1311 251 1418 281 aoristi
1440 250 1536 290 ἔερξα,

232 308 415 340 quamquam
434 298 516 338 apud
535 296 700 328 Homerum
720 306 781 327 non
800 296 974 335 invenitur,
994 301 1096 328 tamen
1115 307 1179 328 non
1198 307 1326 334 vereor,
1353 308 1392 328 ue
1412 299 1462 329 cui
1482 298 1534 328 du-

232 346 410 377 bitationem
430 344 546 375 afferat.
570 344 677 384 Neque
695 344 776 374 enim
795 344 915 374 ratione
928 344 1105 379 Homerum,
1124 345 1179 374 sed
1201 354 1276 374 casu
1295 354 1333 375 ea
1352 345 1540 375 abstinuisse

231 392 273 423 *ex
299 402 337 423 eo
362 391 465 430 colligi
491 395 611 429 potest,
637 391 720 431 quod
745 400 785 421 ne
810 390 937 421 alteram
963 391 1086 430 quidem
1104 390 1233 421 formam
1260 389 1332 430 ἕρξα
1350 391 1420 430 plus
1442 391 1540 421 semel

232 439 325 469 habet
353 437 435 475 (Od.
461 438 495 472 ξ,
519 437 603 475 411.)
610 458 622 473 ,
648 446 748 477 neque
768 436 940 476 Sophocles
965 438 1049 467 credi
1075 438 1165 467 debet
1191 443 1253 467 tam
1282 437 1388 475 putide
1413 437 1539 468 Homeri

233 484 366 523 vestigia
391 488 518 513 secutus
547 493 634 520 esse,
666 489 700 514 ut
728 483 827 514 forma
855 484 1072 523 grammaticae
1100 483 1221 524 legibus
1250 483 1444 514 convenienti
1473 493 1544 522 pro-

234 537 356 571 pterea,
385 530 468 569 quod
493 538 569 560 casu
595 531 647 561 ille
672 531 891 567 abstinuisset,
922 531 982 561 sibi
1013 540 1135 570 quoque
1163 531 1378 561 abstinendum
1407 535 1540 569 putaret.

236 578 326 608 certe
352 577 490 608 eiusdem
516 576 601 607 illius
626 578 712 607 verbi
737 576 875 608 futurum
890 576 1013 618 ἶέῥξεται
1032 577 1165 608 Homero
1184 577 1363 608 inusitatum
1389 577 1456 616 ipse
1479 586 1541 607 non

235 623 387 655 dubitavit
404 632 556 663 usurpare
576 623 653 654 Oed.
674 623 712 656 R.
732 633 762 655 v.
781 623 850 657 890.

669 827 845 873 Antig.
891 835 935 865 v.
982 825 1109 865 9⁰4.

424 918 540 949 Καίτοι
560 915 587 950 o·’
609 917 666 956 ἐγώ
687 915 815 958 ’τίμησα
833 922 899 953 τοῖς
918 919 1088 959 φρονοῦσιν
1108 915 1152 950 εὖ.

330 1004 416 1035 Haec
429 1004 601 1044 Antigonae
621 1005 726 1041 verba,
748 1004 776 1034 si
796 1013 854 1035 suo
874 1004 1018 1044 quodque
1037 1005 1216 1045 significatu
1235 1005 1447 1044 accipiuntur,
1466 1004 1543 1035 nihil

238 1051 414 1091 significum
440 1056 570 1090 possunt
595 1051 657 1081 nisi
682 1051 758 1081 hoc:
784 1060 969 1090 quamquam
988 1060 1047 1091 ego
1068 1057 1100 1082 te
1117 1051 1270 1082 honoravi
1289 1052 1403 1082 iudicio
1423 1061 1542 1087 eorum,

238 1098 291 1137 qui
315 1103 398 1127 recte
424 1097 558 1135 sapiunt.
598 1096 737 1133 Ineptum
763 1105 837 1126 vero
864 1098 903 1126 ad
930 1096 1115 1134 sapientium
1141 1098 1288 1127 iudicium
1315 1107 1484 1135 provocare
1510 1098 1543 1127 in

236 1153 271 1174 re
290 1153 352 1174 non
372 1147 579 1172 controversa.
619 1141 809 1171 Honoratum
828 1142 911 1171 enim
930 1150 1001 1171 esse
1024 1141 1064 1170 ab
1084 1141 1241 1180 Antigona
1259 1142 1448 1182 Polynicen,
1474 1144 1544 1183 quis

238 1195 322 1227 erat,
350 1187 576 1228 qui,negaret‘?
615 1186 712 1217 Erant
738 1192 856 1224 autem,
887 1187 940 1226 qui
969 1187 1082 1217 iniuria
1111 1188 1143 1217 id
1172 1187 1287 1219 factum
1316 1191 1544 1221 contenderent.

240 1237 289 1267 Ab
308 1236 359 1265 his
376 1235 469 1273 igitur
488 1235 645 1273 Antigona
664 1234 704 1263 ad
723 1234 926 1272 sapientiores
945 1243 1115 1272 provocare
1134 1235 1281 1270 debebat,
1301 1236 1421 1266 dicens:
1443 1242 1545 1266 tamen

239 1292 297 1322 ego
322 1281 447 1312 te‘iure
471 1280 622 1311 honoravi
647 1280 831 1319 sapientium
859 1279 984 1310 iudicio.
1025 1280 1058 1310 Id
1086 1290 1180 1320 quum
1209 1280 1294 1312 recte
1321 1281 1546 1313 intellexissent

237 1330 429 1367 interpretes,
449 1326 512 1357 alia
530 1327 584 1357 alii
603 1327 705 1357 conati
726 1330 809 1363 sunt,
830 1330 864 1356 ut
883 1335 924 1355 ex
941 1325 1088 1356 librorum
1107 1328 1262 1366 scriptura
1281 1328 1363 1358 illam
1382 1334 1544 1368 extorque-

239 1379 308 1406 rent
327 1373 517 1404 sententiam.
556 1372 596 1403 Et
614 1372 798 1403 scholiastes
816 1372 955 1412 quidem,
982 1377 1143 1412 postquam
1163 1382 1243 1412 quae
1268 1374 1300 1403 in
1320 1374 1479 1405 codicibus
1502 1375 1544 1405 le-

239 1426 354 1463 guntur
372 1420 469 1452 verba
488 1419 535 1450 sic
554 1419 810 1459 circumscripsit:
830 1416 917 1459 παρὰ
935 1422 1002 1454 τοῖς
1021 1419 1119 1454 καλῶς
1138 1420 1289 1459 φρονοῦσι
1309 1420 1389 1451 δοκῶ
1409 1430 1445 1452 σε
1464 1432 1544 1452 τετι-

239 1469 381 1507 μηκέναι,
407 1467 600 1498 extrinsecus
625 1466 717 1496 infert
740 1466 789 1503 id,
815 1466 848 1496 in
874 1475 935 1505 quo
961 1466 1055 1496 cardo
1081 1466 1126 1495 rei
1145 1471 1305 1502 versatur,
1331 1467 1375 1497 ita
1393 1476 1542 1507 pergens:

240 1513 315 1548 ὥςτε
333 1512 406 1547 τοῦς
431 1511 578 1547 συνετοὺς
596 1508 814 1548 ἀποδέξασθαι
832 1510 873 1542 τὰ
892 1507 944 1542 ὕπ’
966 1511 1042 1551 ἐμοῦ
1069 1512 1112 1547 εἷς
1131 1514 1167 1542 σὲ
1187 1510 1346 1551 γενόμενα.
1385 1513 1473 1544 Hanc
1491 1523 1543 1544 ex-

239 1560 435 1601 plicationem
454 1559 648 1590 Hermannus
668 1559 846 1590 firmaturus
871 1559 977 1590 dativo
1001 1562 1068 1594 τοϊς
1093 1560 1265 1600 φρονοῦσιν
1283 1560 1374 1591 istam
1394 1561 1544 1599 probandi

238 1606 495 1648 significationem
513 1606 637 1642 tribuit,
657 1606 735 1637 haec
754 1607 924 1638 adnotansz
950 1605 1074 1640 „Quum
1094 1607 1196 1637 dicere
1215 1606 1291 1637 velit
1310 1603 1412 1646 ὀρθῶς
1430 1616 1466 1637 σε
1485 1606 1546 1637 ἐτί-

240 1662 341 1693 μησα,
367 1654 411 1684 ita
429 1652 489 1683 hoc
507 1653 668 1692 exprimit,
693 1658 729 1683 ut
748 1654 846 1684 dicat:
873 1658 904 1684 et
923 1658 1026 1684 tamen
1044 1658 1075 1684 te
1100 1663 1175 1693 ego,
1202 1659 1237 1683 ut
1262 1654 1453 1693 sapientibus
1472 1664 1545 1693 pro-

240 1702 347 1737 barer,
372 1699 532 1730 honoravi.
571 1698 606 1729 ld
625 1699 708 1739 quod
726 1699 809 1730 idem
827 1704 893 1738 est,
919 1709 958 1731 ac
975 1700 1004 1730 si
1024 1700 1123 1731 dieat:
1149 1701 1279 1739 sapienti
1300 1700 1460 1730 consilia«
1502 1702 1545 1732 At

240 1753 276 1778 ut
295 1748 329 1777 in
348 1746 452 1776 dativo
471 1747 532 1777 ista
551 1746 602 1777 vis
620 1746 704 1783 insit,
725 1745 785 1777 hoc
802 1751 905 1777 tamen
924 1756 973 1777 me
992 1756 1055 1777 non
1073 1746 1242 1787 intelligere
1260 1746 1369 1783 fateor,
1390 1748 1543 1786 quomodo

240 1794 321 1824 idem
341 1794 381 1823 sit
401 1798 455 1822 „ut
473 1793 664 1831 sapientibus
683 1793 849 1832 probarer«
869 1798 901 1824 et
921 1793 1072 1833 „sapienti
1092 1793 1249 1824 consilia«
1290 1793 1370 1823 Nam
1397 1794 1450 1833 qui
1470 1794 1544 1834 quid

240 1840 311 1871 ideo
330 1839 421 1877 facit,
448 1844 483 1870 ut
507 1840 652 1880 probetur
677 1840 886 1879 sapientibus,
911 1841 981 1872 eius
999 1840 1155 1871 laudanda
1173 1839 1296 1879 quidem
1321 1844 1371 1871 est
1389 1834 1542 1878 voluntas',

241 1892 344 1918 utrum
364 1891 466 1918 autem
484 1891 567 1918 recte
586 1895 624 1917 ac
643 1887 798 1926 sapienter
814 1886 925 1925 faciat,
951 1897 992 1918 an
1010 1886 1091 1917 male
1110 1886 1282 1926 stulteque,
1303 1897 1366 1918 non
1384 1892 1484 1926 potest
1503 1896 1542 1917 ex

240 1933 307 1963 sola
333 1939 434 1965 mente
459 1942 497 1964 ac
522 1933 680 1964 voluntate
706 1933 870 1964 aestimari.
911 1933 1016 1963 Potest
1040 1933 1120 1963 enim
1145 1932 1292 1964 voluntas
1318 1934 1399 1964 bona
1417 1942 1489 1964 esse
1512 1934 1544 1963 in
