1759 2481
857 158 906 192 43

226 255 365 297 fraudem
385 265 622 304 degenerasset,
647 260 811 293 confessus
830 268 905 293 erat.
945 261 993 291 Tu
1013 261 1129 292 milites
1147 261 1234 298 eius,
1260 262 1313 302 qui
1333 270 1456 303 semper
1478 264 1539 292 sihi

228 303 320 335 curae
339 313 427 339 esse,
447 308 482 333 ut
501 303 534 332 in
553 301 638 331 omni
657 310 693 331 re
711 301 912 331 observarent
930 305 1039 331 nutum
1057 299 1264 339 imperatoris,
1284 302 1539 339 praedicaverant

227 351 258 373 v.
279 344 341 375 150,
354 352 434 381 seq.,
453 349 536 371 nunc
554 340 734 370 laudaturos
752 338 863 376 fuisse,
884 339 967 379 quod
986 339 1039 369 ille
1057 340 1239 379 respuisset,
1259 339 1407 371 credibile
1425 340 1538 380 putas?

228 381 355 412 Poetam
373 385 488 415 autem,
509 379 561 419 qui
581 389 674 418 quum
693 379 725 409 in
745 383 810 409 tota
828 378 934 409 fabula
952 383 1077 415 nostra,
1097 384 1161 409 tum
1182 378 1365 417 praesertim
1383 379 1417 409 in
1435 384 1539 418 poste-

225 420 310 451 dore
327 420 387 450 hac
405 423 491 457 parte
509 418 650 448 videatur
667 426 791 456 operam
811 418 954 453 dedisse,
980 422 1016 447 ut
1033 426 1187 456 generosa
1206 417 1398 456 Neoptolemi
1417 417 1538 448 indoles

227 467 303 498 prae
324 457 424 488 Ulixis
444 456 610 487 calliditate
629 456 853 493 illustraretur,
880 465 963 486 nunc
982 457 1083 486 credis
1103 465 1157 495 per
1180 456 1377 495 interpretem
1394 456 1540 487 consilio-

226 506 295 528 rum
307 505 435 526 suorum
448 495 572 526 chorum
587 495 737 530 fraudem,
756 496 901 534 quoniam
915 493 1000 523 utilis
1012 499 1106 533 esset,
1125 495 1239 525 iustam
1252 496 1405 526 dicturum
1418 494 1516 525 fuisse
1524 496 1538 525 ἓ

320 534 413 569 Quod
432 533 557 565 chorum
576 533 724 565 hocloco
744 534 891 570 decebat,
916 532 977 563 hoc
1002 537 1086 571 erat,
1112 543 1175 564 non
1201 539 1236 564 ut
1261 534 1394 570 iustam,
1421 534 1477 564 sed
1504 540 1539 564 ut

228 573 438 605 excusandam
457 574 572 605 diceret
590 573 748 610 fraudem,
776 573 850 614 quip
907 581 988 612 quae
1006 572 1121 611 optimo
1140 573 1272 604 consilio
1292 574 1325 604 in
1344 583 1537 604 communem

227 617 260 644 et
277 613 432 644 exercitus
450 618 482 643 et
499 612 801 660 ipsius-Philoctetae
819 582 950 642 saffitem
970 612 1009 642 ab
1022 611 1115 641 Ulixe
1127 616 1212 658 esset
1224 612 1400 660 commissa.
1424 612 1538 659 Quam:

227 651 886 730 emelim&33335'303123‘552152'1·
898 651 1538 729 οῗίἳῗέἓὲἓῗ“ἳὲωῑῖζᾞίῗᾶ“.ἓῗρέ“ἑῗῗέ

227 729 408 769 Sophocles,
428 730 565 760 nondum
585 728 658 759 mihi
679 729 804 767 liqueat.
844 729 908 759 Sed
934 728 1011 758 illud
1035 738 1098 758 non
1147 729 1243 763 ubito,
1264 729 1338 768 quin
1362 729 1536 759 istiusmodi

225 769 300 808 quid
378 769 453 798 itum
471 768 575 803 fuerit,
593 772 628 797 ut
647 776 761 798 sensus
782 766 833 797 bic
851 771 949 797 esset:
970 767 1027 797 viri
1049 767 1121 797 boni
1140 773 1188 802 est
1208 767 1304 798 libere
1321 767 1436 804 dicere,
1449 768 1536 808 quid-

227 807 301 847 quid
332 807 469 837 niustum
488 811 573 845 putet
592 815 674 842 esse,
702 807 759 836 sed
785 806 837 836 ubi
858 806 981 842 dixerit,
1005 806 1097 836 dictis
1119 807 1240 836 acerbis
1259 806 1395 836 invidiae
1436 815 1456 837 e
1494 806 1534 837 le-

226 846 277 876 nis
296 845 459 876 abstinere.
492 845 643 876 Concedit
661 844 774 875 chorus
795 844 983 875 Philoctetae
996 854 1078 882 esse,
1093 845 1176 884 quod
1195 845 1234 875 de
1247 844 1356 875 fraude
1369 846 1397 875 si
1419 846 1429 875 i
1448 846 1460 875 i
1484 851 1537 876 ata

224 884 810 963 ffeffiz‘”':‚s÷z‡:2¹3?⁰⁰‡d⁵¹a¹35
823 884 1537 963 „33:333103333330„gagg-3333

392 944 403 961 9
629 944 641 959 2

223 963 564 1041 ἕξιῗᾜῗαᾞὲῗὲἲηῖ
579 961 1534 1041 {³¹11flfs'c'ffl¹3:2¹¹zssszssssffiffimsscssssiss‘ffls:⁰{zffitz

318 1040 422 1079 Atque
440 1039 617 1070 istiusmodi
635 1039 817 1069 sententiam
835 1039 975 1074 habebis,
995 1040 1033 1075 si,
1053 1039 1163 1069 leniter
1187 1040 1313 1069 mutatis
1331 1041 1439 1070 iisdem
1459 1040 1535 1075 illis,

224 1086 303 1117 quae
321 1078 480 1109 Wundero
500 1083 646 1116 suspecta
665 1083 750 1113 sunt,
770 1078 874 1108 verbis
895 1074 929 1108 εὖ
950 1078 1087 1113 δίκαιον,
1107 1078 1153 1108 sic
1173 1078 1351 1118 scripseris:

410 1113 522 1156 ἀνδρός
540 1127 591 1146 τοι
609 1115 650 1146 τὰ
667 1118 726 1154 μὲν
745 1112 833 1146 ἔνδωῖ
855 1116 926 1146 αἰὲν
945 1117 1047 1146 εἰπεῖν
1066 1121 1123 1146 etc.

222 1156 253 1185 id
274 1160 338 1186 ests
358 1155 438 1186 viri
457 1160 518 1185 est
537 1164 632 1185 vera
673 1155 805 1185 uidem
825 1163 978 1193 semper
1003 1155 1156 1190 dicere,
1181 1155 1249 1186 sed
1276 1156 1341 1185 ubi
1366 1156 1533 1193 dixerit,

223 1203 299 1224 non
323 1194 505 1224 acerbum
531 1192 640 1223 effun
674 1202 740 1223 ere
764 1193 922 1232 linguae
946 1194 1066 1223 virus.
1108 1193 1206 1224 Cuius
1231 1195 1401 1225 sententiae
1426 1195 1535 1227 eadem

222 1232 287 1263 sere
312 1237 361 1263 est
376 1241 508 1262 -summa
533 1237 627 1272 atque
652 1231 747 1267 illius,
774 1241 853 1272 quae
876 1231 1036 1262 Wundero
1062 1231 1185 1271 placuit.
1226 1233 1305 1263 Nam
1335 1243 1428 1272 quum
1458 1244 1534 1265 vera

222 1271 297 1303 dicit
321 1271 412 1302 homo
436 1271 551 1302 iniuria
576 1271 715 1307 affectus,
740 1271 784 1307 id,
808 1272 891 1310 quod
916 1271 1063 1301 iniustum
1091 1276 1177 1310 putat
1201 1281 1284 1308 esse,
1311 1273 1394 1303 dicit.
1415 1290 1450 1296 —
1484 1273 1533 1306 De

222 1311 385 1341 locutione·
397 1307 486 1340 ἔνδιί
508 1310 609 1340 εἰπεῖν
628 1309 667 1340 cf.
689 1310 765 1341 Oed.
786 1309 825 1341 R.
845 1320 876 1341 v.
896 1309 965 1341 553.
985 1306 1070 1340 ταῦτ’
1100 1306 1188 1340 ἔνδυτ’
1210 1311 1240 1341 εἶ
1256 1311 1365 1350 ἧσθαι.
1406 1312 1480 1343 ibid.
1501 1323 1533 1343 v.

223 1350 309 1381 1158.
328 1348 369 1397 μῆ
385 1350 484 1397 ,λέγων
503 1360 536 1387 νε
550 1347 724 1397 αοῦνόικον.
764 1349 1008 1397 Eurip.·⁷l'road.
1034 1359 1064 1380 v.
1091 1350 1150 1381 970
1179 1349 1219 1389 μῆ
1238 1322 1393 1388 &rovorate
1418 1351 1531 1383 ἔνδικα.

222 1406 258 1412 -
292 1389 394 1419 Simili
426 1394 580 1419 sententia
611 1388 727 1419 chorus
759 1389 792 1419 in
821 1388 914 1420 simili
946 1398 1048 1419 rerum
1079 1390 1258 1420 condicione
1291 1391 1532 1422 moderationem

223 1428 342 1459 dicendi
362 1428 474 1458 suadet
493 1429 580 1458 Aine.
601 1437 633 1458 v.
656 1428 741 1459 1118.
769 1436 834 1467 seq.
860 1424 930 1458 οὔδ’
959 1424 1000 1457 αὖ
1026 1425 1175 1466 τοιαύτην
1199 1429 1344 1464 γλῶσσαν
1369 1428 1404 1459 ἐν
1428 1434 1532 1464 κακοῖς

219 1467 310 1506 φιλῶ·
330 1465 371 1496 τὰ
390 1464 502 1513 σκληρὰ
521 1463 577 1506 γάρ
595 1476 662 1502 τοι,
681 1463 740 1497 κᾶν
758 1462 892 1505 ὖπέρδιιῖ
914 1462 953 1509 ᾔ,
972 1463 1087 1496 δάκνει.
1320 1468 1329 1481 “

315 1506 443 1536 Numeri
454 1514 482 1535 si
496 1506 546 1535 cui
561 1505 663 1535 minus
675 1514 789 1536 suaves
802 1505 965 1535 videantur
978 1510 1024 1537 ter
1037 1505 1183 1545 deinceps
1196 1505 1229 1535 in
1243 1504 1304 1537 fine
1317 1506 1531 1538 trochaeorum

220 1543 311 1574 incisi
337 1540 426 1574 k'vdne’
445 1545 451 1579 Ι
468 1543 540 1575 αἰὲν
556 1547 563 1581 Ι
579 1544 703 1580 εἷπεΐνΙ
725 1566 738 1580 ,
763 1545 792 1575 is
812 1544 958 1583 Sophocli
989 1550 1071 1575 certe
1090 1554 1153 1574 non
1171 1545 1318 1574 insuaves
1345 1546 1433 1575 visos
1459 1556 1531 1576 esse

221 1583 330 1618 discet,
343 1583 371 1612 si
390 1582 508 1613 similes
521 1584 744 1623 comparaverit
755 1592 903 1614 versuum
922 1583 1024 1614 exitus
1044 1582 1154 1614 hosce:
1176 1583 1253 1615 Oed.
1268 1583 1305 1614 R.
1325 1593 1358 1615 v.
1372 1585 1439 1616 464.
1478 1585 1531 1620 Τίς

221 1618 313 1652 ὅντιν’
335 1617 358 1652 ἆ
375 1623 569 1652 θεσπιέπεια
587 1623 700 1662 Δελφῑς
720 1623 790 1652 εἶπε
809 1624 917 1662 πέτρα.
958 1622 1000 1652 lb.
1015 1632 1046 1651 v.
1063 1622 1128 1653 189.
1150 1619 1259 1652 εὐῶπα
1272 1624 1402 1662 πέμψον
1420 1621 1529 1654 ἀλκάν.

220 1660 332 1691 Electr.
352 1670 382 1691 v.
403 1661 488 1692 1085.
510 1661 612 1692 αἰῶνα
631 1660 738 1692 κοινόν
760 1661 873 1705 sumat
896 1661 936 1692 lb.
957 1671 989 1692 v.
1009 1661 1097 1703 1408.
1118 1658 1287 1699 δύστανος,
1313 1660 1386 1697 ὥςτε
1411 1666 1530 1703 φρῖξαι.

221 1699 332 1730 Trach.
347 1709 378 1730 v.
397 1700 466 1730 642.
486 1698 667 1736 ἐπάνεισιν,
686 1697 766 1730 ἀλλὰ
786 1702 885 1734 θείας.
925 1700 966 1730 lb.
986 1710 1017 1731 v.
1035 1700 1105 1731 656.
1125 1697 1227 1740 ὄχημα
1250 1699 1324 1735 ναὸς
1343 1697 1451 1732 αὐτοῦ.
1487 1703 1530 1733 lb.

219 1747 250 1768 v.
263 1738 332 1770 970.
347 1734 417 1768 καθ’
438 1736 541 1769 ὕπνον
560 1736 639 1770 ὄντα
657 1742 769 1779 κρῖναι.
800 1739 878 1770 Oed.
892 1739 958 1770 Col.
973 1748 1003 1769 v.
1019 1739 1104 1770 1084.
1119 1737 1280 1787 gwqq‘caoa
1298 1736 1415 1778 τοῦμόν
1435 1738 1529 1780 ὄμμα.

221 1778 264 1807 lb.
288 1786 318 1807 v.
341 1777 425 1807 1736.
458 1777 560 1808 αἰῶνα
584 1774 709 1817 τλάμον’
735 1778 803 1814 ἔξω.
822 1813 824 1815 ,
841 1778 918 1810 Oed.
939 1777 976 1809 R.
991 1787 1022 1808 v.
1040 1777 1125 1810 1108.
1150 1788 1264 1817 ευρημα
1286 1775 1383 1813 δέξατ’
1411 1779 1443 1809 ἔκ
1454 1790 1529 1816 του,

220 1825 281 1856 quo
304 1815 426 1856 quidem
449 1815 519 1847 loco
543 1818 698 1856 augmenti
721 1817 847 1847 omissio
871 1818 911 1848 de
933 1817 1086 1847 industria
1108 1817 1279 1856 quaesitum
1302 1826 1375 1847 esse
1401 1818 1461 1849 hoc
1483 1820 1526 1849 in-

220 1855 371 1886 cisionum
397 1862 495 1892 genus
523 1856 667 1885 ostendit.
707 1856 858 1887 Nimirum
871 1856 1140 1890 {numerosissime
1162 1856 1244 1886 cadit
1265 1856 1441 1888 trochaicus
1460 1866 1527 1889 ver-

220 1903 310 1925 suum
328 1891 450 1929 exitus,
469 1894 523 1924 ubi
545 1894 696 1934 gradatim
720 1896 810 1934 quasi
834 1904 888 1934 per
911 1894 1034 1935 singula
1061 1894 1212 1926 vocabula
1234 1895 1402 1926 descendit.
1446 1915 1454 1924 .
