1759 2481
885 105 909 138 6

242 216 423 245 mnestram‚
445 218 485 239 an
504 210 736 241 vulneraverint
755 215 890 247 tantum,
910 220 951 241 an
970 210 1028 249 ἱρῇ·
1049 211 1181 240 sauciati
1201 212 1299 246 sint«,
1319 220 1388 241 eam
1408 218 1493 242 reete
1512 213 1558 242 iu-

241 256 322 286 dicat
344 254 537 285 Hermannus
556 255 635 285 satis
653 254 795 295 frigidam
816 256 895 292 sore,
914 256 987 296 quia
1006 264 1068 286 non
1089 256 1213 286 dubium
1233 256 1343 293 suerit,
1362 257 1436 296 quin
1455 260 1557 288 statim

242 311 306 332 rem
327 301 507 341 cogniturae
526 307 641 332 essent.

335 363 556 394 Emendatione
579 364 675 403 igitur
701 373 780 403 opus
805 369 864 395 est.
911 364 1000 399 Quae
1024 363 1126 394 adhuc
1153 373 1174 394 a
1198 364 1276 394 viris
1301 365 1401 395 doctis
1421 366 1558 404 prolatae

241 415 314 439 sunt
340 410 554 445 coniecturae,
579 418 642 439 non
668 409 873 441 satisfaciunt.
909 410 1066 449 Reisigius
1092 410 1122 440 in
1150 409 1299 441 Coniectt.
1320 420 1350 449 p.
1372 411 1419 442 15.
1439 414 1558 448 στέγειν

242 455 406 494 legendum
431 455 580 491 coniecit,
606 456 689 496 quod
714 456 857 495 probavit
882 456 1006 486 nemini.
1047 455 1243 492 Erfurdtius,
1269 457 1351 501 quod
1379 464 1560 495 reposuerat

242 497 312 530 οὔδ’
343 500 402 537 ἔχω
428 503 462 531 τί
485 502 555 542 φῶ,
581 503 648 542 ipse
666 503 699 533 in
719 503 969 534 adnotationibus
982 502 1104 540 reiecit,
1124 502 1187 533 alia
1206 502 1364 542 proposita
1382 504 1560 535 coniectura

242 550 361 588 ψέγειν.
412 548 501 580 Hanc
539 550 655 590 recepit
687 550 898 587 Hermannus,
939 548 1011 581 licet
1050 549 1157 587 aliter,
1197 559 1289 590 quam
1328 550 1368 581 ab
1400 551 1559 581 inventore

240 595 355 624 factum
374 601 456 631 erat,
484 596 701 635 interpretans.
739 597 802 627 Sed
829 597 992 627 audiamus
1012 597 1132 635 ipsum,
1157 597 1260 627 statim
1286 601 1357 635 post
1382 596 1454 632 illa,
1479 607 1559 636 qnae

241 650 336 678 supra
364 642 512 680 apposui,
537 641 586 671 his
613 643 718 672 verbis
737 648 930 681 pergentem:
972 642 1053 672 „Sed
1073 651 1136 672 non
1159 643 1262 672 minus
1286 642 1420 672 alienum
1439 647 1504 678 est,
1532 643 1560 672 si

242 688 289 723 id,
315 688 397 726 quod
426 697 496 718 cum
516 687 673 719 Erfurdtio
699 689 846 728 reposui,
875 694 910 719 ut
935 688 987 719 ille
1014 687 1102 726 fecit,
1130 689 1170 719 de
1193 689 1287 719 caede
1312 689 1436 724 matris,
1468 698 1559 727 qnam

244 735 351 772 probet
372 734 503 771 chorus,
530 735 720 774 intelligitur.
760 735 793 765 ld
818 737 900 765 enim
919 744 960 766 ne
978 743 1129 774 personae
1149 735 1235 766 chori
1254 745 1363 775 pamm
1383 736 1559 770 conveniat,

243 788 325 811 certe
346 791 408 811 non
428 782 571 812 convenit
589 782 730 821 tempori,
750 782 864 821 quippe
884 791 919 813 re
938 782 1075 812 nondum
1093 787 1259 821 comperta.
1286 782 1389 821 ltaque
1409 787 1558 812 commate

243 827 369 857 distinxi
389 833 460 866 post
474 826 600 867 Ἄρεος,
620 833 655 858 ut
674 829 770 859 verba
789 828 843 859 illa
862 829 902 858 ad
925 837 1082 865 eruorem,
1107 838 1170 867 quo
1189 828 1243 858 isti
1263 834 1336 858 sunt
1354 828 1469 858 affatim
1489 837 1561 858 con-

243 874 355 911 spersi,
375 873 556 904 referantur.
592 874 683 908 Quod
704 879 753 904 est
771 874 896 905 Homeri
916 874 1085 904 imitatione
1105 875 1219 904 dictum
1240 873 1324 904 lliad.
1346 874 1375 910 d,
1388 873 1457 905 539.
1479 872 1560 903 ἔνθα

243 930 293 948 κεν
315 916 416 948 οὐκέτι
438 919 524 959 ἔργον
545 917 621 959 ἆνῆρ
642 916 791 950 ὀνόσαιτο
812 918 1002 959 μετελθών.«
1037 920 1133 951 Recte
1152 920 1305 950 Homerus
1325 920 1455 959 quidem.
1481 919 1559 949 Nam

242 964 363 994 sortiter
383 966 570 1003 proeliantes
593 967 681 996 viros
706 966 833 996 laudare
858 967 996 997 virorum
1023 971 1080 997 est.
1121 966 1164 997 At
1189 965 1397 996 fortitudinem
1416 965 1560 995 admirari

242 1012 322 1046 eius,
342 1012 395 1050 qui
416 1013 511 1043 caede
531 1012 671 1043 mulieris
691 1012 826 1049 inermis,
849 1013 922 1051 quid
944 1012 1033 1043 dico?
1054 1013 1106 1052 qui
1120 1010 1472 1042 matdeidio'commisso
1492 1021 1560 1043 cru-

242 1065 316 1089 enta
335 1068 428 1088 manu
447 1059 573 1094 incedit,
592 1058 625 1087 id
637 1067 713 1088 vero
733 1058 890 1087 inauditae
910 1063 959 1087 est
972 1058 1181 1094 immanitatis,
1202 1066 1282 1096 quae
1300 1067 1340 1087 ne
1357 1056 1559 1088 ferocissimis

243 1105 366 1143 quidem
387 1104 528 1134 barbaris
548 1103 727 1140 conveniat,
756 1103 867 1133 nedum
887 1103 1061 1143 virginibus
1080 1103 1248 1134 liberaliter
1267 1103 1416 1135 educatis.

336 1166 429 1201 Quod
449 1165 478 1196 si
491 1165 750 1202 consideraveris,
772 1164 846 1204 quid
859 1164 1053 1204 potissimum
1067 1165 1176 1196 deceat
1189 1163 1315 1195 chorum
1336 1165 1368 1195 in
1380 1164 1440 1195 hoc
1458 1174 1559 1196 rerum

244 1219 326 1243 statu
346 1213 459 1249 dicere,
479 1211 535 1242 vix
554 1211 754 1242 dubitandum
772 1211 946 1248 videbitur,
965 1211 1040 1252 quin
1064 1221 1083 1242 a
1107 1216 1199 1251 poeta
1217 1211 1370 1242 eiusmodi
1391 1212 1463 1252 quid
1484 1214 1559 1242 seri-

242 1265 328 1299 ptum
346 1258 449 1295 fuerit,
470 1258 559 1288 cuius
572 1256 649 1288 haec
661 1263 745 1288 esset
757 1258 925 1289 sententia:
946 1262 1111 1289 cruenta
1129 1262 1256 1289 antem
1275 1257 1407 1288 stillat
1426 1266 1555 1288 manus

242 1309 411 1336 mactata
431 1304 548 1335 Marti
569 1304 746 1341 victima,
773 1313 897 1344 neque
916 1312 987 1344 ego
1007 1304 1239 1344 adspectum
1256 1304 1344 1335 eius
1363 1304 1558 1335 sustineo.

242 1353 346 1391 Atque
366 1351 407 1382 ad
425 1350 506 1382 hanc
525 1349 717 1381 efficiendam
737 1351 920 1382 sententiam
944 1350 1027 1381 haud
1047 1350 1184 1382 violenta
1208 1360 1289 1389 opus
1315 1356 1364 1381 est
1383 1351 1559 1381 mutatione.

245 1398 369 1430 Scribe:

624 1448 693 1481 οὐδ’
718 1450 776 1487 ἔχω
795 1451 930 1490 βλέπειν.

338 1506 500 1545 Proprium
511 1505 593 1536 enim
604 1505 758 1544 βλέπειν·
748 1514 782 1536 m
801 1505 856 1536 tali
875 1514 919 1536 re.
941 1504 989 1537 Cf.
1001 1504 1078 1536 Oed.
1098 1504 1203 1537 GoLv.
1212 1505 1298 1537 1650.
1305 1514 1392 1546 seqq.
1412 1503 1560 1545 ὄμματων

245 1555 388 1585 ἐπίσκιον
407 1548 479 1591 χεῖρ’
495 1548 668 1588 ἀντέχοντα
680 1550 799 1592 κρατός,
814 1548 856 1587 ὦς
876 1552 982 1583 δεινοῦ
995 1563 1081 1587 τινυς
1093 1549 1192 1592 φόβου
1212 1553 1376 1592 φανέντος,
1390 1549 1461 1583 οὔδ’
1483 1549 1560 1583 ἂνα-

244 1600 355 1635 exero&
377 1599 513 1638 βλέπειν.
533 1598 620 1628 Aiac-
634 1607 665 1628 v.
678 1599 746 1629 917.
760 1608 847 1638 seqq.
868 1595 970 1632 οὗδεῐς
989 1596 1041 1635 ἄν,
1061 1596 1140 1633 ὅςτις
1151 1601 1202 1628 καὶ
1222 1598 1322 1637 φίλας,
1333 1599 1423 1637 τλαιη
1436 1599 1561 1637 βλέπειν

245 1641 381 1686 ‹pvaa‘m'
403 1642 471 1675 ἄνω
496 1642 575 1684 πρὸς
593 1643 680 1683 ῥῖνας
706 1643 738 1675 ἔκ
755 1655 791 1675 τε
816 1646 943 1685 φοινίας
966 1643 1080 1683 πληγῆς
1098 1644 1257 1683 nazareti«
1275 1640 1339 1682 αἷμ’
1365 1641 1419 1674 ἄπ’
1446 1644 1560 1679 οἰκείας

245 1692 373 1732 σφαγῆς.
413 1691 497 1723 Fons
523 1690 718 1730 corruptelae
741 1701 804 1722 non
830 1691 966 1723 difficilis
991 1696 1041 1721 est
1066 1690 1107 1720 ad
1131 1690 1387 1730 perspiciendum.
1409 1690 1560 1723 Videlicet

244 1749 302 1779 pro
321 1739 412 1769 litera
430 1740 473 1776 H,
493 1744 529 1769 ut
546 1746 642 1778 saepe
661 1738 785 1774 accidit,
805 1738 838 1768 Γ
853 1738 992 1777 legentes
1009 1737 1147 1775 librarii,
1167 1746 1262 1777 quum
1280 1736 1358 1768 haec
1377 1738 1473 1768 verba
1490 1748 1558 1769 cum

244 1785 446 1826 sequentibus
473 1785 710 1825 coniungerent,
741 1785 797 1815 vix
823 1789 964 1824 poterant
993 1784 1151 1824 antiquam
1175 1792 1347 1824 agnoscere
1375 1784 1559 1823 scripturam

246 1833 387 1871 βλέπειν,
411 1831 526 1872 quippe
544 1832 583 1862 ab
608 1831 668 1864 hao
693 1832 858 1863 verborum
883 1830 1094 1870 complexione
1118 1830 1267 1869 alienam,
1297 1831 1447 1870 ideoque,
1476 1832 1559 1871 quod

247 1880 348 1918 aptius
368 1878 468 1909 videri
482 1883 614 1918 poterat,
627 1879 725 1914 λέγειν
738 1888 794 1917 pro
806 1888 882 1909 vero
895 1878 1054 1915 habentes,
1073 1877 1196 1908 literam
1214 1879 1243 1915 β,
1263 1885 1301 1908 ea
1314 1876 1448 1908 fortasse
1460 1876 1558 1908 forma
