1759 2481
777 129 823 164 23

109 236 122 252 ‘
149 239 253 272 Quare
273 237 431 268 Wundero
451 236 605 266 assentior
623 235 719 266 verbe
737 245 783 270 τις
794 233 932 274 θυγάτηρ
945 244 1002 274 pro
1016 235 1169 274 corruptis
1189 235 1324 272 habenti,
1338 236 1457 266 dissen-

146 285 208 313 tior
225 287 337 319 nutem,
358 281 439 321 qnod
459 290 497 310 ea
522 290 561 311 ex
586 281 852 320 interpretamento
876 286 945 311 orta
968 286 1063 320 putat.
1103 280 1172 310 Non
1199 281 1456 313 animadverterat

146 329 195 361 vir
213 328 412 361 doctissimus
430 327 463 358 iu
487 327 556 368 ipsa
580 327 727 359 librorum
751 328 904 369 scriptura
929 328 1025 359 latere
1050 336 1158 359 vocem
1184 332 1216 359 et
1234 328 1403 360 sententiae
1422 333 1454 360 et

146 378 251 409 metris
283 373 428 415 strophae
453 376 798 406 accommodatissimam
830 372 1010 415 εὗνάτειρα,
1041 384 1120 415 quae
1149 385 1213 405 vox
1245 375 1452 416 negligentius

146 425 260 463 scripte
284 421 377 452 facile
401 422 498 460 potuit
523 420 660 462 θυγάτηρ
686 423 765 462 legi,
790 422 971 461 praesertim
996 422 1025 451 si
1050 422 1082 451 in
1109 421 1170 451 fine
1189 421 1277 452 litere
1297 432 1331 458 a,
1350 422 1454 452 attrito

146 469 224 500 forte
243 468 295 498 vel
313 477 404 498 eroso
424 467 547 498 chartae
566 468 714 508 margine,
732 472 909 499 evanuerat.
951 467 1041 499 Certe
1059 477 1152 508 saepe
1171 467 1320 500 confusae
1334 468 1453 499 inveni·

146 521 238 546 untur
263 515 370 545 literae
396 525 411 545 ε
436 521 467 545 et
491 516 534 551 θ,
561 526 580 545 ν
604 521 635 546 et
654 525 672 552 γ
691 515 769 553 (vid.
790 515 875 546 Bast.
895 515 1011 546 Comm.
1032 514 1192 554 Palaeogr.
1219 525 1247 554 p.
1267 515 1335 546 714.
1357 515 1452 554 ⁷10.),

144 571 203 593 neo
222 561 352 593 multum
370 562 449 592 inter
468 571 503 592 se
523 561 666 592 differunt
685 571 715 593 ει
734 566 765 592 et
784 576 826 596 u.
866 561 962 602 Finge
981 561 1029 592 sic
1040 561 1191 601 'scriptam
1209 571 1317 592 vocem
1332 571 1352 592 a
1363 562 1454 592 libru-

143 608 191 639 rio
210 608 367 639 inventam
386 617 472 639 esse:
496 607 721 645 GYNATHP,
742 607 793 639 vel
811 608 994 640 minusculis
1006 607 1104 639 literis
1117 617 1273 648 evroervp,
1289 617 1352 639 non
1366 609 1455 639 mira-

144 655 228 685 beris
253 664 323 685 eum
349 653 487 694 θυγάτηρ
513 655 645 694 legisse,
669 656 724 685 vix
749 655 830 685 enim
857 655 1032 692 discernas,
1060 660 1162 685 utrum
1188 656 1235 686 sic
1254 664 1295 686 an
1315 666 1453 693 ευνατειρ

144 701 306 740 legendum
326 701 376 731 sit.
417 701 522 740 ltaque
541 706 651 739 poetae
669 701 891 730 restituendum
912 710 1025 731 censeo

331 742 604 787 προςπελασθεῖἐ,
624 743 641 787 ἢ
662 748 699 778 σέ
717 743 740 784 γ’
751 743 915 786 εὖνάτειριί
934 758 980 781 τις

334 795 459 830 Λοξίου.

144 841 316 871 Pronomen
342 851 408 877 τις,
433 850 526 881 quum
552 846 622 880 post
647 837 811 881 εὖνοὶτειρα
836 840 928 872 simul
954 850 1025 872 cum
1050 840 1140 871 litera
1163 852 1185 870 a
1205 842 1359 881 periisset,
1379 851 1398 872 a
1418 842 1454 872 li-

144 888 256 918 brariis
281 892 353 918 ante
377 884 515 927 θυγάτηρ
540 887 690 918 insertum
715 888 851 923 videtum
876 888 964 918 abest
989 891 1072 919 certe
1097 896 1117 918 a
1141 888 1230 918 codd.
1251 887 1345 919 Laur.
1372 898 1401 919 a.
1422 894 1454 919 et

145 934 226 965 Flor.
246 935 282 964 Δ.

199 1016 201 1019 v
220 979 304 1011 Idem
323 973 489 1019 pronomen
508 978 541 1009 in
560 979 646 1010 exitu
665 987 777 1010 versus
797 979 1007 1019 praecedentis
1032 979 1138 1011 eadem
1157 979 1212 1011 ina
1230 980 1310 1018 labe,
1330 980 1451 1020 opinor,

141 1028 317 1067 abreptum,
343 1036 404 1066 qua
429 1026 599 1056 mutilatum
619 1022 784 1066 εὖνᾰτειρᾶ
808 1037 872 1062 τις,
899 1027 1075 1057 coniectura
1094 1027 1227 1058 restitnit
1245 1028 1449 1059 Hermnnnus.

142 1075 213 1109 Quo
233 1073 315 1104 facto
341 1073 460 1103 numeri
485 1077 568 1102 recte
592 1072 778 1110 procedunt:
803 1073 867 1101 τῶν
892 1070 1098 1113 μακραιώνων
1120 1070 1183 1111 ἄρα
1207 1073 1314 1107 Πανὸς
1334 1071 1453 1113 ὄρεσσι-

140 1119 220 1160 βάτα
239 1130 294 1154 τις.
335 1119 370 1148 ln
389 1118 541 1148 sententia
558 1117 675 1147 residet
694 1117 811 1156 aliquid
829 1117 908 1147 vitii.
948 1116 997 1146 De
1020 1116 1170 1157 Nymphis
1190 1127 1361 1151 sermonem
1381 1128 1452 1151 esse

141 1171 279 1208 apertum
303 1170 361 1197 est.
401 1164 489 1199 Quae
514 1164 587 1195 licet
605 1168 687 1194 recte
706 1164 912 1204 μακραίωνες,
940 1163 970 1193 id
991 1169 1039 1193 est
1065 1163 1234 1205 longaevae
1254 1175 1311 1196 seu
1331 1167 1386 1197 diu
1405 1167 1450 1196 vi-

139 1219 266 1250 ventes,
292 1211 500 1252 appellentur,
525 1215 630 1250 utpote
650 1206 829 1249 ἰσοδένδρου
848 1211 963 1249 τέκμωρ
984 1209 1098 1244 αἰῶνος
1117 1211 1270 1247 λαχοῦσαι
1300 1214 1315 1248 (
1324 1213 1447 1243 Pindur.

141 1270 191 1301 ep.
211 1258 366 1290 Plutarch.
393 1258 432 1289 de
458 1257 567 1288 Oraec.
595 1256 654 1288 def.
675 1266 742 1296 cop.
762 1256 845 1295 XL),
863 1260 965 1286 tamen
984 1261 1046 1286 που
1072 1258 1152 1287 satis
1171 1258 1296 1289 definite
1319 1259 1378 1290 hac
1397 1269 1450 1299 ap-

140 1307 303 1348 pellatione
323 1306 534 1345 designantur,
552 1309 587 1334 ut
606 1304 792 1334 substantivi
810 1303 982 1333 adiectione
1001 1303 1084 1332 istud
1105 1304 1289 1335 adiectivum
1310 1306 1452 1336 videatur

140 1363 246 1386 carere
264 1361 366 1393 posse.
407 1351 612 1385 Quamobrem
638 1350 774 1381 nondum
801 1348 993 1380 satisfactum
1018 1348 1085 1379 sore
1111 1351 1281 1381 sententiae
1306 1358 1397 1390 puto,
1422 1355 1449 1382 si

139 1401 211 1440 quis
230 1400 291 1429 τᾶν
309 1394 511 1437 μακραιῶνων
529 1406 588 1435 pro
612 1397 677 1426 τῶν
694 1393 898 1436 magau-'vm
916 1395 1024 1434 reponi
1050 1395 1132 1425 velit.
1164 1397 1349 1427 Necessario
1368 1399 1448 1429 enim

140 1454 251 1477 nomen
276 1443 403 1484 aliquod
427 1442 639 1484 Nympharum
664 1443 848 1483 requiritur,
876 1451 1008 1482 quocum
1034 1442 1238 1483 coniungatur
1267 1444 1452 1474 adieetivum

140 1488 352 1532 μωραιῶνων.
391 1490 508 1521 Eodem
526 1491 620 1521 etium
638 1489 821 1521 scholiastes
841 1489 934 1525 ducit,
955 1489 1107 1520 adnotans
1126 1490 1167 1519 nd
1185 1499 1216 1520 v.
1238 1490 1342 1522 losa:
1373 1486 1451 1521 ὕπο-

142 1539 270 1570 νοοῧσιν
289 1536 322 1568 οἱ
340 1534 419 1567 κατὰ
444 1534 502 1567 τόν
526 1535 622 1576 χορὸν
640 1533 843 1577 χρηστότερόν
860 1547 892 1566 τι
910 1538 981 1576 περὶ
1007 1536 1064 1566 τοῦ
1086 1535 1276 1573 Οἰδίποδος,
1297 1534 1346 1566 ὅτι
1365 1538 1452 1568 θειο-

139 1587 229 1626 τέρου
248 1586 356 1622 γένους
373 1580 517 1621 τυγχάνει
535 1580 700 1619 ἀπότινος
718 1584 783 1614 τῶν
803 1579 944 1623 ὀρείων
963 1593 1006 1613 νυ
1012 1583 1133 1623 μφῶν.
1173 1583 1264 1614 Unde
1283 1584 1450 1624 suspiceris

139 1642 209 1664 eum
238 1628 460 1671 Ὀρειβατίδων
485 1640 532 1665 τις
557 1630 608 1661 vel
638 1627 851 1671 Ὀρεστιάδων
875 1640 924 1664 τις
949 1630 1079 1669 legisse,
1108 1635 1143 1662 ut
1171 1630 1345 1662 huiusmodi
1375 1631 1450 1671 quid

140 1678 298 1720 scripserit
316 1676 504 1717 Sophocles:

325 1725 372 1759 τίς
390 1732 438 1761 σε,
456 1724 574 1760 τέκνον,
592 1725 639 1759 τίς
657 1719 684 1755 σ’
708 1723 818 1761 ἔτικτες

324 1771 389 1801 τῶν
405 1768 610 1811 μακραιώνων
635 1767 699 1810 ἄρα
717 1769 825 1805 Πανὸς
839 1766 1054 1810 Ὀρεστιάδων
1071 1781 1119 1804 τις

324 1813 605 1857 προςπελασθεΐσ’,
625 1813 644 1857 ἢ
664 1818 702 1848 σέ
719 1813 743 1854 γ’
765 1813 929 1857 εὗνᾶτειρά
946 1827 994 1851 τις

327 1865 452 1901 Λοξίου·

139 1911 172 1941 id
190 1916 255 1942 est:
275 1912 365 1951 quis
384 1916 438 1947 te,
459 1910 540 1946 tili,
559 1910 647 1950 quis
667 1914 704 1940 te
722 1910 880 1949 genuit?
914 1908 1212 1948 Longaevurnm
1233 1914 1337 1941 certe
1357 1909 1445 1939 Ore·
1505 1937 1507 1939 ,
