1759 2481
869 122 893 155 2

220 228 302 257 modi
324 227 403 256 locis
424 226 528 264 pasci,
548 226 600 255 ubi
621 226 671 255 sui
692 226 768 256 iuris
788 227 846 262 sit,
867 235 967 266 neque
986 230 1041 257 ant
1059 230 1150 257 aestu
1169 231 1224 257 aut
1242 225 1338 257 imbre
1356 231 1411 257 aut
1430 229 1533 259 ventis

220 278 367 307 vexetur,
387 272 443 301 sed
463 272 631 302 iucundam
649 277 721 312 agat
740 277 771 303 et
790 272 909 303 laboris
928 276 1084 312 expertem
1102 273 1215 309 vitam,
1240 281 1279 303 ea
1297 273 1395 304 tribus
1413 273 1534 305 laborat

219 318 441 349 incommodis:
474 327 555 355 uno,
587 318 670 357 quod
699 319 806 349 durior
834 324 883 350 est
911 319 945 350 in
972 317 1033 349 hac
1065 319 1294 350 constructione
1326 319 1414 350 verbi
1447 319 1534 351 ἐστὶν

219 366 366 400 omissi03
396 364 513 401 altero,
541 364 625 404 qnod
656 365 787 404 pueritia
815 366 874 396 snb
906 370 1067 404 parentum
1098 365 1196 397 tutela
1227 367 1339 397 vivens
1367 366 1423 397 vix
1450 372 1535 397 recte

219 413 332 442 dicitur
359 411 408 441 sui
434 411 512 441 iuris
537 420 623 448 esse3
655 412 744 441 tertio
771 417 864 452 atque
890 412 1040 449 maximo,
1072 411 1156 452 quod
1181 412 1256 442 exili
1283 413 1344 443 ista
1370 422 1408 444 ac
1431 413 1534 443 ieiuna

219 459 373 488 sententia
402 457 653 489 invenustissime
683 458 914 498 interrumpitur
943 458 1153 495 suavissima,
1187 467 1267 498 quae
1295 458 1357 490 hoc
1384 459 1455 490 loco
1487 459 1533 494 fit,

221 505 419 543 comparatio.

314 550 371 580 His
396 551 568 581 rationibus
594 550 707 581 ductus
728 550 905 581 Wunderns
927 551 968 581 ad
987 550 1212 582 emendandum
1231 550 1333 582 locum
1353 559 1533 592 aggressus,

219 606 313 636 quum
334 598 429 628 verba
449 595 573 631 θάλπος
591 598 670 627 θεοῦ
690 597 872 637 intelligeret
898 607 960 628 uon
986 597 1131 629 sufficere
1156 597 1198 628 ad
1223 597 1446 637 significandos
1471 604 1532 629 tor-

218 649 323 675 rentes
342 645 421 675 solis
441 644 564 681 radios,
590 644 644 674 vix
671 644 805 675 dubitari
831 654 924 684 posse
943 645 1109 682 iudicavit,
1136 645 1211 685 quin
1230 644 1382 676 adiectum
1401 654 1421 676 a
1443 650 1534 685 poeta

218 691 370 721 eiusmodi
397 700 510 721 nomen
534 690 644 726 fuerit,
674 700 735 730 quo
762 701 825 721 non
851 692 969 729 solnm,
1000 692 1053 731 qui
1083 692 1162 722 deus
1189 691 1408 730 intelligendus
1436 698 1531 728 esset,

218 737 333 767 elarius
354 742 489 776 pateret,
516 737 573 767 sed
598 738 690 767 etiam
710 738 805 767 nimia
827 738 896 768 eius
915 738 966 768 dei
984 747 1023 769 ac
1042 738 1217 778 perniciosa
1235 737 1349 777 plantis
1370 738 1418 768 vis
1437 738 1532 777 signi-

218 784 372 815 ficaretur.
413 783 492 814 Hinc
511 784 555 814 ita
575 789 696 823 poetam
715 784 883 824 scripsisse
901 785 1100 824 suspicatur:

408 828 537 869 κόροις,
556 827 595 861 ἵν’
618 827 806 865 αῧαίνοπος
825 828 861 861 οὗ
881 829 1006 865 θάλπος
1026 831 1123 866 θεοῦ,

408 873 477 905 οὐδ’
501 873 625 915 ὄμβρος,
648 873 721 906 οὐδὲ
740 875 929 915 πνευμάτων
949 874 1041 908 οὐδὲν
1061 877 1171 907 κλονεῖ.

217 922 380 953 Librorum
400 927 503 952 autem
523 922 707 961 scripturam
727 932 745 953 e
764 923 871 962 glossa
891 920 1062 953 αὗαντικοῦ
1081 927 1181 953 ortam
1200 930 1271 954 esse
1290 922 1455 953 existimat.

277 965 279 967 ’
310 968 465 1008 Displicet
492 968 527 998 in
555 968 618 999 ista
647 969 861 1000 emendatione
889 970 1037 1005 audacia3
1066 978 1168 1009 neque
1196 969 1279 1000 enim
1308 968 1455 1000 credibile
1484 974 1533 1000 est

216 1016 312 1045 verbo
344 1016 423 1045 satis
456 1014 648 1054 frequentato
681 1024 783 1055 neque
815 1016 880 1046 ulla
919 1016 1172 1055 interpretatione
1203 1015 1352 1055 indigenti
1383 1017 1532 1046 rariorem

217 1070 323 1091 vocem
344 1071 364 1090 a
383 1061 557 1100 glossatore
575 1062 762 1098 adscriptam
781 1061 896 1097 fuisse,
917 1066 989 1095 aut,
1012 1061 1042 1090 si
1060 1060 1139 1095 fuit,
1163 1070 1203 1091 ex
1223 1070 1262 1091 ea
1280 1060 1437 1099 vulgatam
1456 1063 1532 1092 scri-

216 1113 336 1145 pturam
369 1107 444 1136 oriri
470 1107 621 1145 potuisse.
663 1105 828 1137 Praeterea
856 1107 949 1137 etiam
978 1106 1142 1137 articulum
1170 1111 1242 1137 ante
1271 1106 1468 1145 participium
1498 1109 1531 1138 in

215 1154 273 1184 hac
303 1153 532 1185 constructione
559 1153 675 1193 requiri
704 1158 788 1184 recte
817 1154 935 1184 monuit
967 1152 1224 1184 Schneidewinus
1256 1153 1289 1183 in
1318 1152 1443 1185 Notitiis
1472 1154 1530 1185 litt.

216 1201 352 1239 Gotting.
387 1210 414 1230 a.
444 1201 530 1232 1842.
557 1210 587 1239 p.
614 1201 683 1231 254.
723 1201 884 1230 Sententia
910 1205 1012 1230 autem
1037 1200 1109 1239 ipsa
1133 1199 1298 1239 perplacet.
1338 1200 1447 1240 Neque
1472 1210 1532 1241 ego

216 1248 339 1282 dubito,
372 1247 400 1275 si
431 1255 550 1281 eorum,
580 1255 661 1285 quae
691 1247 848 1285 sapienter
877 1246 1072 1276 Hermannus
1100 1246 1134 1276 in
1163 1246 1361 1277 adnotatione
1389 1247 1429 1277 ad
1450 1247 1533 1278 huuc

215 1294 318 1324 locum
345 1292 480 1329 monuit,
507 1301 547 1323 ne
573 1292 606 1323 in
631 1292 720 1329 loco,
747 1292 781 1323 in
807 1302 868 1332 quo
894 1293 954 1323 iam
979 1297 1102 1324 veteres
1128 1292 1227 1325 critici
1249 1291 1441 1328 haesissent,
1467 1293 1531 1324 ulla

215 1340 342 1370 mutatio
369 1339 473 1375 fieret,
500 1348 580 1379 quae
605 1348 669 1369 non
695 1344 757 1369 tam
783 1339 862 1369 lenis
889 1346 992 1376 esset,
1019 1346 1055 1370 ut
1080 1349 1137 1379 pro
1162 1338 1249 1371 nulla
1277 1338 1384 1370 haberi
1413 1345 1532 1378 posset,

215 1388 294 1416 bene
313 1393 430 1416 memor
451 1385 631 1415 Wunderus
650 1393 706 1420 ea,
732 1394 794 1424 qua
813 1386 986 1425 inceperat,
1013 1387 1066 1416 via
1085 1386 1210 1424 longius
1229 1393 1416 1424 progressus
1434 1391 1528 1422 esset,

214 1433 291 1471 quin
315 1433 415 1471 ipsam
440 1431 543 1467 illam,
572 1440 664 1470 quam
692 1431 906 1467 desiderabat,
935 1433 1118 1462 sententiam
1147 1432 1183 1462 iu
1206 1431 1348 1462 codicum
1376 1432 1531 1471 scriptura

213 1479 310 1509 latere
342 1487 472 1517 eamque
504 1478 598 1509 unius
630 1478 739 1509 literae
771 1478 939 1509 mutatione
971 1478 1093 1510 restitui
1126 1487 1220 1518 posse
1254 1478 1529 1511 animadversurus

214 1525 315 1556 suerit.

308 1572 429 1602 Mutato
455 1573 534 1602 enirn
562 1573 593 1601 in
620 1581 697 1602 voce
724 1583 776 1602 νιν
802 1572 904 1611 priore
930 1583 949 1602 ν
974 1576 1006 1602 et
1024 1571 1135 1603 ceteris
1154 1571 1252 1603 literis
1272 1576 1342 1611 apte
1360 1581 1415 1611 per
1435 1581 1529 1603 voces

215 1618 375 1656 dispositis
395 1617 473 1648 haec
491 1618 591 1655 prodit
611 1618 775 1649 verborum
795 1618 987 1658 complexio:

402 1663 438 1694 τὸ
459 1662 516 1701 γὰρ
535 1661 646 1699 νεάζοι]
665 1664 700 1694 ἐν
719 1665 851 1700 τοιοῒςδε
869 1662 1014 1705 βόσκεται

403 1708 529 1747 χώροις,
549 1706 588 1739 ἵν’
611 1707 678 1739 αὕτ’
701 1707 755 1739 οὔκ
774 1711 905 1741 αῖθίνου
925 1709 1051 1743 θάλπος
1070 1710 1168 1746 θεοῦ,

404 1753 470 1785 οὐδ’
494 1752 622 1795 ὄμβρος,
649 1752 723 1785 οῦδὲ
747 1754 935 1795 πνευμάτων
961 1752 1054 1786 οῦδὲν
1078 1755 1189 1786 uteret.

312 1803 375 1834 lam
394 1808 478 1834 recte
498 1803 585 1833 abest
605 1808 676 1835 ante
696 1803 900 1840 adiectivum,
928 1803 982 1844 qui
1001 1808 1072 1835 ante
1091 1802 1288 1843 participium
1306 1804 1386 1836 male
1407 1804 1525 1841 aberat,

212 1850 379 1885 articulus3
405 1849 444 1880 cf.
466 1849 545 1880 Oed.
566 1850 603 1880 R.
624 1859 654 1880 v.
677 1850 743 1881 178.
763 1847 863 1881 ἆπᾶν
881 1849 960 1891 πρὸς
978 1848 1111 1890 ἑσπέραν
1129 1851 1226 1887 θεοῦ,
1245 1855 1277 1881 et
1294 1859 1375 1890 quae
1394 1850 1525 1881 Ellendt.

213 1897 245 1926 in
272 1895 347 1926 Lex.
375 1894 471 1935 Soph.
498 1895 536 1926 T.
564 1896 600 1926 ll.
627 1906 656 1935 p.
683 1896 752 1928 239.
779 1897 894 1928 similia
920 1897 1077 1937 congessit
1102 1905 1194 1936 quam
1219 1896 1360 1937 plurima.
1393 1913 1429 1920 -
1462 1896 1523 1927 Vo-
