1759 2481
818 136 863 171 31

186 243 351 275 insolentia
370 252 462 282 quam
481 241 653 273 sententiae
671 242 863 281 perversitas
881 241 1025 272 ostendit.
1066 241 1207 272 insolens
1227 246 1276 272 est
1294 241 1376 273 enim
1394 250 1495 283 neque

184 290 249 321 ullo
268 295 372 323 certae
391 289 583 320 auctoritatis
602 288 743 328 exemplo
768 289 919 320 munitum
941 287 981 328 μῆ
1003 288 1122 332 ἔχρῃζες
1140 298 1197 327 pro
1218 288 1287 318 εἴθε
1305 287 1345 327 μῆ
1366 288 1494 332 ἔχρῃζες.

187 336 340 368 Perversa
358 340 461 367 autem
479 335 647 366 sententia:
667 335 784 369 utinam
802 344 844 366 ne
862 335 894 365 in
913 335 1076 376 peregrina
1101 339 1184 365 terra
1207 334 1381 374 cupivisses
1403 335 1495 370 mori,

184 383 241 414 sed
260 383 303 413 ita
322 383 464 413 desertus
482 380 558 411 mihi
577 386 716 412 mortuus
734 390 835 412 esses.
874 381 1036 416 Quomodo
1055 381 1136 412 enim
1155 386 1263 420 optare
1285 385 1387 420 potest
1406 381 1494 412 Anti·

184 439 283 470 gona,
311 437 404 469 quam
429 427 591 467 deplorare
616 428 763 465 debebat,
789 428 887 468 patris
911 429 945 458 in
968 433 1066 459 morte
1091 427 1310 458 solitudinem?
1340 428 1493 466 quomodo

184 485 276 515 porro
296 483 419 514 negare,
440 474 523 514 quod
543 483 649 505 omnes
675 475 813 505 sciebant
837 473 951 505 sactum
978 482 1059 512 esse,
1079 483 1149 505 eum
1175 474 1209 504 in
1227 473 1333 505 Attica
1351 483 1494 505 seorsum

184 531 204 552 a
222 521 290 552 suis
309 520 446 551 obiisse?
465 526 519 551 aut
537 521 612 561 quid
626 519 754 552 *tandem
772 521 833 551 sibi
852 520 920 551 vult
939 521 1017 551 mira
1029 521 1090 552 ista
1108 520 1285 553 antithesis:
1305 519 1346 561 μῆ
1366 522 1422 559 γᾶς
1441 520 1494 551 ἐπὶ

182 569 289 604 ξένας,
308 564 378 598 ἀλλ’
407 567 513 607 ἕρημος
539 563 600 599 ὧδέ
621 568 699 607 pot?
738 567 796 599 His
818 568 965 600 tenebris»
979 568 1033 608 qui
1053 567 1234 608 explicando
1258 568 1359 598 lucem
1384 568 1495 599 afferre

183 620 312 647 conatus
331 620 391 651 est,
412 614 617 651 HermannuS,
642 615 841 655 Antigonam,
868 615 954 652 dicit,
979 615 1125 656 quoniam
1144 615 1258 647 sentiat
1283 620 1368 646 tanto
1391 615 1493 646 minus

181 663 272 694 leniri
292 662 429 694 dolorem
448 671 540 693 suum
558 670 666 701 posse,
692 663 776 703 quod
801 672 840 693 ne
865 662 1003 693 tumulus
1029 662 1154 703 quidem
1173 663 1271 702 patris
1288 662 1348 692 sibi
1368 662 1494 692 relictus

181 711 244 746 sit,
274 714 403 748 optare,
440 713 475 738 ut
498 708 550 738 ille
575 717 615 738 ne
644 709 852 748 quaesivisset
878 708 960 739 hanc
991 709 1074 747 apud
1103 713 1227 739 exteros
1258 712 1408 744 mortem,
1437 709 1493 738 sed

183 755 312 786 obiisset
330 754 434 795 potius
454 754 498 785 ita
517 754 660 785 desertus
679 754 876 794 ignotusque,
897 758 933 785 ut
950 758 1023 792 ante
1039 764 1109 786 cum
1122 755 1191 795 ipsa
1203 764 1260 794 per
1272 759 1371 786 terras
1390 763 1492 795 vagus

180 803 315 838 errabat,
341 812 402 841 quo
428 801 538 832 saltem
563 801 693 841 sepelire
716 810 788 833 enm
812 806 844 833 et
865 802 949 833 iusta
966 801 1070 834 facere
1093 802 1127 832 in
1151 802 1270 833 tumulo
1293 807 1410 841 posset.
1451 802 1494 832 At

181 850 226 878 ita
252 853 352 887 poeta,
377 858 416 878 ne
443 849 516 887 quid
542 848 685 878 acerbius
710 848 828 884 dicam,
854 849 1074 879 obscurissime
1098 849 1221 879 locutus
1247 853 1343 884 esset,
1364 848 1393 877 si
1412 857 1493 882 eam,

180 903 271 934 quam
290 894 420 934 intelligi
440 893 564 925 volebat
582 893 764 924 antithesin:
789 894 887 925 hanc
906 900 1067 926 mortem
1086 899 1117 925 et
1136 896 1194 925 ita
1213 899 1254 925 ut
1271 898 1364 925 aute
1382 902 1493 924 erra-

181 942 261 979 bat,
281 950 321 971 ne
340 941 436 972 verbo
457 940 580 981 quidem
599 940 777 979 indicasset,
798 950 837 972 ea
854 946 968 980 autem,
996 950 1077 982 quae
1094 942 1210 982 posuit,
1230 940 1384 972 contraria
1403 940 1493 971 aliter

179 988 278 1028 accipi
296 988 459 1024 voluisset,
479 997 570 1028 quam
584 987 742 1019 auditores
754 988 906 1019 debebant
919 989 1070 1028 accipere.
1110 988 1191 1023 Quis
1204 988 1285 1018 enim
1298 986 1382 1018 nulla
1395 988 1491 1017 moni-

179 1040 231 1065 tus
252 1034 480 1065 demonstrandi
506 1042 583 1064 voce
609 1033 686 1064 illud
710 1032 751 1073 μῆ
777 1034 835 1071 γᾶς
858 1033 912 1064 ἐπὶ
937 1035 1026 1070 ξένας
1045 1035 1085 1065 de
1104 1034 1173 1065 sola
1197 1034 1300 1064 Attica
1319 1033 1491 1073 intelligere

179 1081 343 1121 potuisset,
362 1086 397 1110 ut
416 1079 494 1110 alias
514 1080 544 1109 ei
563 1084 663 1110 terras
688 1080 879 1119 peregrinas,
900 1090 980 1120 quas
1005 1085 1098 1111 antea
1116 1080 1309 1120 peragrabat,
1328 1080 1489 1119 oppositas

179 1128 339 1167 cogitaret,
358 1132 389 1156 et
408 1136 470 1156 non
490 1126 592 1164 potius
612 1126 652 1156 de
669 1126 752 1156 omni
771 1128 936 1165 peregriua
955 1132 1049 1163 terra,
1069 1127 1120 1156 cui
1133 1127 1287 1157 contraria
1300 1131 1348 1156 est
1368 1127 1490 1164 patria?

180 1173 261 1207 Quis
280 1180 388 1202 vocem
416 1170 524 1210 ἕρημος
548 1179 611 1201 non
635 1170 798 1201 maluisset
823 1172 862 1202 de
885 1180 924 1201 ea
951 1171 1122 1210 Oedipodis
1147 1171 1313 1202 solitudine
1338 1173 1489 1211 accipere,

179 1227 242 1258 qua
261 1227 331 1249 eum
351 1227 434 1248 nunc
452 1218 554 1256 ipsum
573 1217 718 1248 audiebat
742 1217 775 1248 in
798 1217 1001 1249 Eumenidum
1024 1218 1095 1249 luco
1120 1223 1272 1249 mortuum
1293 1227 1375 1255 esse,
1396 1228 1487 1257 quam

180 1266 219 1296 de
238 1264 302 1303 illa,
323 1274 384 1305 qua
404 1270 495 1295 antea
513 1273 583 1295 cum
602 1263 672 1295 sola
690 1264 848 1304 Antigona
867 1270 967 1296 terras
979 1265 1172 1304 peragrabat,
1193 1265 1376 1304 praesertim
1394 1275 1488 1304 quum

178 1321 218 1342 ne
237 1311 372 1341 solitudo
392 1311 515 1350 quidem
534 1310 665 1341 dicenda
683 1311 736 1346 sit,
756 1320 818 1350 qua
836 1312 977 1342 comitem
996 1311 1128 1342 habebat
1147 1310 1263 1342 filiam?
1303 1310 1387 1345 Quid
1406 1312 1488 1350 quod

178 1367 218 1389 ne
237 1358 307 1397 ipsa
326 1358 450 1397 quidem
468 1357 620 1388 sententia
637 1366 676 1387 ea
694 1362 755 1394 est,
774 1366 853 1398 quae
872 1356 962 1389 facile
982 1358 1014 1389 in
1037 1361 1169 1388 mentem
1187 1357 1293 1389 venire
1312 1357 1488 1398 Antigonae

177 1405 318 1445 potuerit.
358 1405 435 1434 Nam
453 1414 549 1444 quum
567 1404 661 1435 sciret
679 1403 743 1435 fato
769 1405 969 1436 constitutum
994 1414 1077 1442 esse,
1096 1409 1132 1435 ut
1149 1409 1237 1444 pater
1255 1405 1340 1443 apud
1363 1410 1487 1435 exteros

179 1451 327 1489 singulari
346 1451 479 1490 quodam
503 1450 611 1481 mortis
630 1459 743 1489 genere
762 1451 935 1486 decederet,
962 1451 1080 1481 doleret
1098 1455 1211 1485 autem,
1237 1450 1321 1489 quod
1344 1450 1388 1480 ita
1405 1451 1489 1480 iusta

180 1496 302 1527 solvere
320 1495 422 1526 funeri
441 1500 568 1535 paterno
586 1496 741 1535 prohibita
759 1500 854 1534 esset,
875 1501 981 1536 optare
1005 1496 1129 1537 quidam
1155 1504 1222 1527 eam
1247 1500 1488 1527 consentaneum

178 1547 255 1580 erat,
273 1548 308 1574 ut
327 1543 355 1573 ei
376 1543 529 1573 communi
548 1543 652 1583 potius
672 1543 828 1574 bominum
848 1549 932 1574 sorte
951 1544 984 1574 in
1003 1543 1102 1583 patria
1120 1547 1152 1573 et
1170 1542 1202 1572 in
1221 1543 1340 1582 gremio
1360 1552 1486 1573 suorum

177 1591 263 1621 obire
282 1590 378 1621 fatum
398 1588 523 1625 fuisset3
543 1590 575 1619 in
595 1590 678 1620 illam
697 1594 800 1621 autem
819 1590 992 1629 opinionem
1007 1591 1062 1621 vix
1080 1594 1200 1629 poterat
1218 1590 1343 1625 adduci,
1362 1595 1397 1620 ut
1416 1599 1485 1619 eum

178 1641 308 1676 putaret,
329 1637 358 1666 si
377 1636 557 1674 cupii-isset,
577 1645 640 1665 non
659 1636 693 1665 in
713 1636 818 1666 Attica
830 1636 886 1666 sed
906 1637 938 1667 in
951 1636 1014 1666 alia
1031 1640 1113 1666 terra
1125 1636 1288 1675 peregrina
1306 1636 1486 1666 moriturum

176 1681 287 1719 fuisse,
306 1688 348 1720 et,
373 1682 401 1712 si
428 1682 462 1712 in
487 1681 550 1712 alia
575 1687 658 1712 terra
682 1687 823 1713 mortuus
848 1688 944 1719 esset,
969 1682 1061 1713 etiam
1086 1682 1150 1713 alio
1169 1682 1277 1714 mortis
1302 1691 1414 1722 genere
1434 1683 1486 1713 de-

176 1729 368 1767 functurum,
396 1738 457 1769 qno
484 1729 651 1769 sepeliendi
675 1729 744 1760 eius
770 1730 830 1760 sibi
855 1735 940 1760 esset
964 1730 1198 1769 opportunitas,
1225 1729 1314 1769 quasi
1338 1738 1403 1759 non
1421 1728 1486 1760 fato

177 1781 340 1815 utrumque
365 1775 524 1805 definitum
550 1780 651 1813 esset,
678 1776 734 1806 sed
759 1784 859 1815 genus
884 1777 992 1807 mortis
1018 1786 1059 1806 ex
1078 1776 1165 1813 loco,
1189 1775 1277 1806 locus
1301 1784 1341 1805 ex
1361 1776 1486 1815 optione

176 1827 269 1860 atque
287 1821 413 1852 arbitrio
432 1822 531 1860 patris
544 1821 750 1860 pependisset.
774 1821 876 1859 Absit,
897 1827 932 1852 ut
949 1822 1160 1853 huiuscemodi
1173 1821 1344 1852 orationem
1357 1831 1377 1852 a
1396 1827 1485 1861 poeta

177 1871 208 1897 et
226 1877 290 1899 non
306 1867 412 1908 potius
432 1877 452 1897 a
470 1867 605 1899 librariis
623 1866 789 1907 profectam
815 1873 965 1908 putemus.
1005 1868 1141 1908 Apparet
1165 1872 1267 1899 autem
1294 1867 1484 1908 corruptelae

177 1915 383 1953 suspicionem
403 1915 435 1944 in
455 1924 509 1945 eas
528 1916 613 1953 ipsas
633 1916 743 1946 cadere
761 1924 867 1951 voces,
887 1924 941 1954 per
960 1924 1038 1954 quas
1058 1916 1120 1946 duo
1139 1914 1195 1946 illa
1213 1916 1347 1947 membra
1368 1913 1408 1952 μὴ
1429 1915 1484 1951 γᾶς
