1759 2481
864 125 911 159 26

229 231 323 264 lectio
349 230 438 270 ἔλαβέ
461 226 514 269 μ’(
544 229 692 261 Indicium
717 228 867 269 antiquae
888 230 1060 269 scripturae
1084 228 1167 265 dixu
1193 237 1266 259 nam
1288 228 1317 258 si
1453 227 1544 271 *aa

230 280 416 318 scripturam
442 287 498 317 pro
524 277 651 317 antiqua
680 276 867 312 habeamus,
896 275 1093 311 necessario,
1123 276 1268 315 quoniam
1334 278 1337 281 ⁴
1414 275 1420 283 ”
1452 268 1544 313 &t

230 325 328 358 πέδας
348 323 438 363 ἔλαβέ
454 333 511 362 με,
537 323 619 362 quod
645 327 730 352 esset
747 322 881 352 vinculis
900 331 949 352 me
969 321 1147 361 prehendit,
1173 327 1298 353 servata
1315 322 1544 377 praepositione

231 368 296 401 ἇπό
316 380 387 402 eum
401 370 575 401 Hermanno
590 368 785 399 scribendum
801 368 876 401 erit:
897 363 1002 399 32⁰1&
1025 365 1118 404 ὅςτις,
1139 365 1173 402 ὅς
1191 365 1221 407 μ’
1243 365 1297 399 ἀπ’
1320 364 1426 409 ἀγρίας
1444 368 1542 402 πέδας

230 434 268 440 -
296 417 412 456 ἔλαβεν.
454 417 568 447 Verum
595 415 646 446 hic
670 415 828 454 elliptieus
853 414 1044 454 pronominis
1072 412 1153 448 ὅςτις
1177 424 1276 451 usus,
1305 415 1357 446 vel
1383 415 1431 445 sic
1454 419 1543 445 satus
1595 427 1596 430 ¹

229 472 341 499 rarus,
367 467 438 493 ante
457 462 586 493 alterurn
606 461 768 492 relativum
788 459 822 495 ὃς
842 461 948 491 durior
968 464 1031 496 est,
1060 469 1151 499 qnam
1171 461 1225 500 qui
1244 461 1313 491 sine
1332 465 1471 492 veterum
1489 468 1543 490 ex-

230 510 330 550 emplo
349 514 459 549 poetae
478 509 602 539 obtrudi
622 508 731 548 possit.
772 507 855 542 Quid
875 507 957 547 quod
983 515 1023 537 ne
1048 506 1238 546 sicquidem
1263 506 1340 538 nihil
1359 507 1543 539 insolentiae

228 557 261 587 in
282 556 511 587 constructione
530 556 696 585 verborum
715 551 904 593 relinquitur.
940 553 1026 587 ‘Quis
1045 553 1127 583 enim
1146 562 1282 593 unquam
1301 554 1363 585 tale
1377 555 1543 594 quidquam

229 603 325 640 dixit,
352 602 444 642 quale
468 602 529 633 hoc
555 607 604 632 est
629 598 694 630 ἀπὸ
715 600 813 634 πέδας
831 600 936 639 λαβεῖν
955 599 1049 630 mea?
1090 599 1154 630 Sed
1180 600 1319 630 sinamus
1342 600 1420 638 hoo,
1445 601 1541 633 multa

229 650 312 679 enim
338 649 508 679 insolenter
527 649 610 679 dicta
635 647 719 686 apud
744 647 883 686 tragicos
909 646 1126 683 inveniuntur,
1152 651 1244 686 atque
1273 646 1403 687 intelligi
1433 648 1541 679 saltem

229 699 364 734 possunt
381 695 453 726 ista.
494 694 615 725 Sensus
634 693 716 723 enim
735 702 799 723 non
817 697 921 733 potest
939 692 1019 723 alius
1038 701 1111 723 esse
1131 693 1190 722 nisi
1210 692 1277 723 hic:
1298 694 1351 732 qui
1372 703 1389 723 e
1408 695 1541 725 vinculis

228 751 277 772 me
297 741 434 772 solutum
454 741 590 780 accepit,
616 740 647 771 id
673 744 722 770 est
746 739 873 770 sustulit
897 744 929 770 et
954 740 1125 779 asportavit
1151 748 1274 777 secum,
1300 743 1335 770 ut
1360 744 1443 771 recte
1466 741 1543 771 Her-

228 797 362 819 mannus
386 788 621 826 interpretatur,
647 786 740 826 idque
765 796 800 816 re
824 795 900 816 vera
918 786 1033 817 fecerat
1052 795 1163 816 servus
1183 785 1248 822 ille,
1268 787 1321 826 qui
1341 796 1469 827 puerum
1488 797 1541 819 ex-

228 835 365 874 positum
383 843 403 864 a.
422 838 519 864 morte
539 833 687 863 servavit.
728 832 796 863 Hoc
821 832 951 870 dubito,
972 833 1089 863 satisne
1109 837 1181 871 apta
1200 833 1242 863 sit
1260 834 1329 863 eius
1348 834 1392 864 rei
1413 843 1542 864 comme—

227 882 376 917 moratio,
404 880 456 910 ubi
478 890 540 910 non
560 880 591 909 in
612 880 765 909 narranda
783 888 818 909 re
838 884 926 918 gesta
944 883 1088 909 versatur
1108 878 1264 918 Oedipus,
1292 880 1348 911 sed
1374 880 1454 911 male
1473 890 1540 920 pre-

229 931 317 957 catur
335 926 465 962 homini,
484 926 537 964 qui
557 926 601 961 id,
622 925 704 964 quod
724 925 777 955 alii
797 925 830 955 in
849 926 960 956 summi
979 925 1123 956 beneficii
1142 930 1230 963 parte
1248 932 1460 964 numerarent,
1482 927 1543 958 sibi

228 972 428 1011 praestiterit,
448 976 483 1002 ut
501 971 541 1002 ab
562 971 721 1002 acerrimis
741 970 900 1001 doloribus
919 970 1193 1010 crudelissimaque
1213 980 1289 1002 nece
1308 980 1380 1003 sese
1399 973 1540 1012 eriperet.

229 1019 384 1058 Frigidius
412 1024 495 1049 certe
515 1018 638 1048 locutus
664 1022 766 1053 esset,
786 1017 814 1048 si
834 1017 1028 1049 vinculorum
1047 1027 1211 1054 saevorum
1235 1018 1358 1048 illorum
1377 1020 1541 1050 mordenti-

226 1075 340 1105 umque
361 1065 551 1105 spiculorum
571 1065 755 1095 mentionem
774 1064 892 1094 faciens
912 1073 974 1094 non
994 1064 1026 1094 id
1045 1063 1149 1094 verbis
1169 1065 1393 1103 expressisset,
1420 1066 1453 1096 in
1479 1076 1541 1106 quo

228 1121 350 1143 summa
368 1113 415 1142 rei
433 1116 594 1146 versatur,
620 1110 824 1145 solutionem,
851 1111 906 1141 sed
933 1110 965 1140 ia
991 1116 1279 1147 commemorasset,
1306 1112 1390 1151 quod
1413 1112 1541 1143 levioris

227 1160 261 1189 in
280 1159 339 1189 hac
357 1167 393 1188 re
412 1157 557 1188 momenti
576 1161 634 1193 est,
656 1156 887 1186 assumtionem.

322 1204 429 1243 ltaque
454 1204 482 1233 si
509 1212 565 1242 pro
590 1202 716 1242 antiqua
741 1202 895 1241 scriptura
922 1201 1011 1240 ἔλαβέ
1033 1198 1063 1241 μ’
1091 1202 1197 1233 haberi
1217 1211 1411 1243 nequaquam
1429 1209 1540 1244 potest,

227 1251 405 1291 quaeritur,
432 1249 514 1280 unde
533 1249 683 1288 originem
704 1249 836 1279 duxerit.
876 1249 925 1279 Ab
946 1249 1110 1288 interprete
1129 1250 1258 1280 verbum
1278 1249 1386 1289 ἔλαβεν
1404 1251 1541 1284 additum

226 1307 311 1333 esse,
330 1302 365 1327 ut
385 1296 563 1327 Wunder-us
584 1296 774 1335 suspicatur,
794 1295 878 1326 nullo
898 1296 989 1325 modo
1009 1295 1155 1326 credibile
1173 1301 1239 1332 est;
1258 1297 1328 1336 quis
1347 1298 1430 1328 enim
1449 1298 1540 1331 inter-

226 1353 298 1384 pres
324 1344 451 1375 verbum
476 1348 538 1373 tam
564 1342 674 1382 procul
700 1352 720 1373 a
745 1342 799 1372 via
824 1341 1072 1382 cogitationeque
1096 1347 1248 1374 remotum
1275 1353 1333 1383 pro
1362 1344 1541 1385 interpreta-

226 1396 329 1422 mento
350 1390 528 1430 posuisset?
569 1389 781 1429 Relinquitur,
808 1393 842 1418 ut
868 1389 1062 1420 librariorum
1088 1398 1194 1421 errore
1212 1393 1317 1421 natum
1336 1392 1538 1431 existimetur,

227 1443 259 1468 et
276 1437 331 1467 tali
351 1437 476 1475 quidem
497 1446 538 1467 ex
557 1436 670 1472 verbo,
697 1435 780 1474 quod
806 1440 837 1465 et
857 1435 1035 1475 tribrachyn
1054 1435 1192 1467 efficeret
1210 1441 1242 1467 et
1261 1437 1402 1468 solvendi
1422 1439 1539 1479 sig-nifi-

228 1483 380 1515 cationem
406 1482 548 1520 haberet,
576 1482 748 1513 cuiusmodi
773 1486 822 1511 est
846 1477 985 1518 ἐχάλασ,
1009 1482 1167 1521 proprium
1193 1482 1268 1514 illud
1295 1483 1333 1513 de
1361 1484 1539 1518 relaxandis

227 1535 281 1561 sut
307 1529 467 1560 solvendis
492 1528 627 1559 vinculis
649 1529 886 1567 stringentibus.
914 1528 954 1559 cf.
976 1528 1122 1569 Aeschyl.
1142 1529 1243 1560 Prom.
1263 1539 1292 1560 v.
1317 1530 1382 1562 176.
1403 1535 1479 1571 πρὶν
1498 1545 1540 1563 αν

226 1577 258 1612 ἐξ
277 1573 393 1615 ἆγρὶων
413 1575 536 1613 δεσμῶν
555 1573 674 1618 χαλάσῃ
698 1577 775 1613 (με).
790 1575 873 1609 ib.,v.
896 1575 964 1605 993.
985 1578 1061 1615 πρὶν
1079 1572 1120 1605 ἂν
1138 1577 1283 1618 χαλασθῇ
1305 1576 1405 1615 δεσμοὶ
1423 1580 1537 1618 λυμαν-

225 1620 324 1662 τήρια.
365 1620 461 1660 Soph.
484 1620 559 1651 Oed.
582 1621 618 1652 R.
639 1631 670 1652 v.
696 1621 782 1653 1266.
802 1621 883 1661 χαλᾷ
903 1619 1073 1660 κρεμαστὴν
1092 1619 1238 1662 ἅρτάνην.
1278 1622 1420 1664 Xenoph.
1441 1626 1479 1656 de
1503 1636 1539 1658 re

227 1678 295 1708 equ.
316 1669 347 1704 5,
367 1669 397 1699 4.
417 1667 519 1703 χαλᾶν
537 1666 578 1697 τὰ
597 1665 704 1706 δεσμά.
746 1668 780 1699 ln
799 1678 861 1707 quo
880 1668 993 1705 verbo,
1020 1669 1147 1708 opinor,
1175 1678 1270 1709 quum
1294 1669 1383 1701 litera
1402 1681 1422 1707 χ
1447 1672 1542 1711 negli-

227 1714 350 1756 gentius
376 1714 420 1745 ita
445 1714 563 1753 scripta
588 1719 690 1751 esset,
716 1719 750 1745 ut
774 1714 864 1746 facile
890 1724 961 1746 cum
987 1715 1005 1745 λ
1031 1715 1177 1748 confundi
1203 1721 1310 1755 posset
1336 1717 1422 1755 (vid.
1448 1718 1536 1750 ant.

227 1762 345 1793 comm.
366 1760 529 1799 Palaeogr.
549 1772 579 1800 p.
595 1763 681 1800 724.)
701 1771 809 1793 vocem
829 1759 951 1793 &Mixto-³
972 1762 1084 1793 lectam
1103 1762 1221 1793 librarii
1241 1763 1294 1793 alii
1313 1762 1347 1793 in
1366 1762 1454 1803 ἔλαβε
1473 1775 1538 1797 mu-

226 1813 370 1839 taverunt
396 1807 531 1840 confusis
557 1808 655 1839 literis
670 1814 696 1839 ’σ
715 1813 746 1839 et
764 1810 783 1848 β
809 1809 870 1848 (de
888 1818 951 1849 qua
976 1808 1157 1841 confusione
1176 1810 1239 1841 vid.
1259 1809 1361 1842 Herm.
1382 1811 1422 1842 sd
1442 1811 1537 1853 Soph.

227 1857 299 1886 Ant.
322 1864 351 1885 v.
375 1855 460 1885 1194.
481 1860 511 1885 et
530 1856 687 1887 Schaeser.
715 1857 748 1887 in
769 1856 872 1887 Wexii
893 1856 1012 1896 Syllog.
1040 1857 1079 1888 ad
1105 1857 1235 1889 eundem
1262 1857 1398 1897 locum),
1424 1858 1477 1889 alii
1504 1861 1536 1890 in
