1759 2481
500 488 746 526 Trachin.
778 495 821 525 v.
846 486 943 524 141
968 505 1015 512 —-
1038 485 1149 524 142.

359 579 546 617 Πεπυσμένη
572 578 647 616 μέν,
674 573 714 611 ὥς
740 573 812 617 σάφ’
841 573 983 612 εἰκάσαι,
1008 573 1103 615 πάρει

358 622 493 663 πάθημα
511 620 638 662 τούμόν·
663 619 703 658 ὦς
722 621 753 653 δ’
775 621 831 659 ἐγὼ
851 624 1066 663 θυμοφθορῶ,

357 668 423 709 μήτ’
446 668 594 709 ἐκμάθοις
612 669 782 709 παθοῦσαζ,
810 670 867 699 νῦν
894 666 923 699 δ’
948 667 1075 707 ἄπειρος
1099 670 1136 699 εἶ.

358 715 394 746 τὸ
415 715 470 756 γὰρ
491 714 600 751 νεάζον
620 715 654 746 ἐν
672 716 805 750 τοιοΐςδε
822 713 966 754 βόσκεται

298 778 336 793 ιιι
359 760 504 801 χώροισιν
524 758 640 797 αὖτοῦ,
665 764 719 792 καί
737 773 788 792 νιν
807 759 844 791 οὗ
865 759 989 796 θάλπος
1008 763 1106 797 θεοῦ,

359 805 427 838 οὐδ’
452 806 579 848 ὄμβρος,
605 804 678 838 οὖδὲ
702 805 889 846 πνευμάτων
908 804 1000 838 οὐδὲν
1018 808 1135 842 κλονεῖ,

360 851 428 883 ἀλλ’
451 850 576 891 ἧδοναΐς
595 850 739 890 ἅμοχθον
758 853 869 892 ἐξαίρει
887 855 965 891 βίον.

176 939 351 990 Sententia
374 954 467 994 plana
490 962 545 993 per
570 962 606 984 se
630 962 668 985 ac
686 954 849 993 perspicua
866 955 978 985 mirum
997 954 1030 984 in
1050 954 1172 984 modum
1193 953 1357 992 impeditur
1376 953 1481 984 verbis

173 1011 202 1030 v.
226 1002 291 1032 145.
311 999 458 1039 χαίρωσιν
477 995 574 1030 αὑτοῦ
594 1002 648 1029 καί
666 1011 727 1030 νιν.
766 1000 845 1031 Nam
871 1001 900 1031 si
924 1000 1056 1033 dubitari
1076 1001 1199 1040 nequit,
1226 1000 1301 1040 quin
1326 999 1385 1030 hoc
1410 999 1481 1029 loco

172 1053 259 1078 aetas
284 1046 409 1086 puerilis
434 1045 574 1075 laborum
599 1044 898 1083 sollicitudinumque
922 1046 1024 1076 adhuc
1053 1056 1164 1085 expers
1193 1051 1387 1084 comparetur
1413 1054 1483 1076 cum

173 1093 338 1124 seminario
351 1091 499 1130 pomario,
519 1090 573 1120 nbi
592 1089 732 1120 novellae
752 1090 878 1120 arbores
896 1091 936 1120 ab
956 1096 1098 1121 aestuum
1118 1092 1260 1122 imbrium
1278 1097 1310 1122 et
1323 1097 1484 1121 ventorum

173 1141 205 1169 vi
225 1138 445 1173 defendantur,
470 1136 530 1167 hoc
554 1136 683 1175 primum
709 1139 847 1175 apertum
872 1141 938 1172 est,
964 1137 1141 1167 necessario
1167 1138 1280 1177 requiri
1301 1137 1484 1176 particulam

173 1185 337 1220 eiusmodi,
357 1193 419 1224 qua
437 1182 568 1217 τοιοΐςδε
587 1191 754 1222 pronomen
773 1183 813 1213 ad
827 1183 988 1222 sequentia
1005 1182 1165 1214 referatur.
1200 1184 1250 1213 Ad
1271 1184 1486 1223 praecedentia

174 1233 256 1262 enim
282 1231 311 1262 si
335 1229 498 1267 retuleris,
524 1230 569 1259 ita
593 1232 628 1259 ut
653 1225 798 1269 ἀπειρίας
824 1228 1034 1268 intelligantur
1063 1231 1175 1270 χῶροι,
1205 1238 1306 1269 neque
1334 1230 1389 1260 illa
1414 1231 1485 1269 ipsa

175 1279 252 1308 bene
271 1277 354 1307 dicta
372 1280 446 1306 sunt
465 1290 503 1298 —
523 1282 603 1314 quae
620 1274 701 1304 enim
721 1274 784 1304 sint
801 1275 871 1305 loca
889 1275 1072 1313 imperitiae,
1093 1284 1183 1305 nemo
1204 1275 1294 1306 facile
1313 1277 1427 1306 dixerit
1448 1293 1484 1299 -—-

175 1330 206 1355 et
224 1332 279 1361 ea,
299 1331 379 1363 quae
398 1325 588 1361 sequuntur,
608 1329 628 1351 a
647 1320 752 1351 verbis
769 1320 901 1355 τοιοῖςδε
919 1318 1029 1361 χώροις
1047 1321 1158 1352 avulsa
1176 1330 1238 1352 non
1258 1327 1402 1361 poterunt
1421 1332 1484 1353 non

176 1370 301 1410 proprio
321 1378 416 1400 sensu
434 1368 551 1407 accipi,
576 1368 621 1398 ita
644 1372 679 1398 ut
704 1376 724 1397 a
743 1367 810 1398 sole
829 1367 927 1398 imbre
945 1368 1049 1398 ventis
1068 1367 1190 1399 defendi
1210 1368 1332 1400 dicetur
1350 1370 1484 1400 tenerior

176 1422 274 1453 aetas,
293 1416 327 1447 id
346 1415 430 1455 quod
449 1424 469 1445 a
486 1418 588 1445 mente
606 1418 717 1453 poetae
736 1413 959 1444 alienissimum
977 1423 1049 1445 esse
1067 1420 1206 1454 apparet.
1226 1415 1328 1455 Atque
1340 1416 1484 1446 huiusce-

175 1463 258 1493 modi
278 1462 402 1502 quidem
421 1460 602 1501 particulam
620 1459 654 1491 in
672 1459 884 1490 terminatione
903 1460 992 1491 vocis
1011 1457 1160 1501 κόροιο-ιν
1171 1460 1315 1493 latentem
1330 1479 1364 1487 -
1379 1462 1434 1492 ἵνα
1447 1479 1485 1486 -

175 1508 328 1549 sagaciter
346 1508 546 1546 investigavit
564 1506 765 1547 Musgravius
784 1512 1027 1547 receperuntque
1039 1507 1233 1539 Hei-mannus
1252 1513 1284 1539 et
1296 1508 1486 1545 Wunder-us,

177 1565 238 1595 quo
257 1554 339 1586 facto
359 1555 420 1585 iam
440 1554 552 1593 optime
570 1553 709 1592 procedit
727 1552 841 1583 oratio:
867 1551 904 1583 τὸ
930 1552 987 1593 γὰρ
1013 1551 1123 1589 νεάζον
1142 1554 1177 1584 ἐν
1195 1554 1324 1588 τοιοΐςὸε
1341 1552 1487 1592 βόσκεται

176 1599 302 1641 χαίροις,
333 1597 371 1631 ἵν’
407 1616 445 1623 —
479 1595 516 1629 οὗ
541 1596 666 1633 θάλπος
691 1599 787 1636 θεοῦ,
818 1595 888 1628 οἶδ’
922 1597 1049 1639 ὄμβρος,
1078 1596 1151 1630 οὐδὲ
1180 1597 1364 1637 πνευμάτων
1393 1597 1486 1631 οὐδὲν

176 1649 284 1678 κλονεῖ.

270 1694 391 1725 Deinde
411 1701 490 1733 quae
508 1692 558 1723 his
584 1693 743 1724 interiecta
768 1692 911 1732 leguntur
937 1693 1032 1724 verba
1052 1689 1150 1724 αὑτοῦ
1169 1694 1222 1722 καί
1240 1703 1291 1722 νιν
1309 1701 1374 1723 non
1394 1702 1485 1732 posse

179 1742 245 1776 sic,
269 1746 304 1770 ut
322 1741 438 1779 scripta
457 1745 547 1775 sunt,
573 1749 593 1770 a
611 1744 833 1779 poetaemanu
854 1739 989 1778 profecta
1007 1748 1079 1771 esse
1097 1748 1190 1778 quum
1216 1739 1268 1769 alii
1289 1740 1376 1770 multi
1399 1740 1485 1770 intel-

177 1788 336 1823 lexerunt„
349 1791 414 1815 tum
434 1785 613 1816 Wunder-ns
632 1785 752 1816 idoneis
771 1785 958 1825 arg-umentis
976 1786 1008 1815 in
1027 1785 1200 1816 Emendatt.
1221 1785 1255 1816 in
1267 1784 1377 1816 'li-ach.
1392 1795 1421 1824 p.
1438 1785 1484 1817 18.

179 1832 409 1864 demonstravit.
436 1832 529 1863 Nam
554 1841 615 1872 qua
640 1841 703 1863 una
727 1832 847 1863 ratione
871 1832 948 1862 haec
977 1832 1202 1872 quodammodo
1232 1831 1360 1872 intelligi
1391 1840 1485 1870 posse

179 1878 372 1910 Hermannus
397 1879 430 1909 in
455 1880 588 1910 editione
613 1888 671 1910 sua
696 1878 816 1915 docuit,
843 1883 877 1908 ut
901 1878 1045 1909 iuvenilis
1071 1884 1158 1909 aetas
1184 1880 1302 1909 dicatur
1327 1879 1359 1908 in
1379 1878 1485 1909 huius-
