1759 2481
853 93 875 127 8

207 199 307 228 Wexii
327 198 589 233 emendationem,
615 198 644 228 si
669 207 731 227 non
759 207 882 234 veram,
910 202 944 227 at.
967 199 1090 229 veritati
1111 204 1211 230 tamen
1233 199 1404 237 proximam
1430 205 1522 240 atque

206 245 360 282 omnibus,
383 254 462 285 quae
475 244 637 285 hucusque
651 244 769 276 de=h0c
783 244 852 276 loco
867 249 982 275 tentata
1002 251 1084 283 sunt,
1106 246 1198 286 longe
1219 245 1449 285 praeferendam
1468 247 1521 277 du-

204 301 322 327 cerem,
347 292 375 321 si
401 290 531 322 firmiori
559 291 613 321 illa
639 292 786 322 niteretur
812 291 1028 328 fundamento,
1057 301 1147 331 quam
1173 294 1289 323 incerto
1313 293 1374 323 isto
1397 293 1521 323 obscuri

204 338 313 368 scholii
346 337 531 368 testimonio.
586 337 684 367 Cuius
715 346 733 367 e
760 339 864 368 verbis
883 347 923 368 ne
942 337 1002 368 hoc
1021 338 1145 377 quidem
1165 340 1242 370 satis
1268 344 1350 369 certo
1376 340 1521 378 cognosci

204 389 318 422 potest,
338 383 441 414 aliane
460 383 553 413 fuerit
572 384 605 413 in
632 383 816 414 scholiastae
834 384 923 414 libris
942 393 983 413 an
1003 385 1123 420 eadem,
1143 394 1224 424 quae
1250 385 1282 415 in
1301 386 1424 427 nostris,
1445 385 1521 415 scri-

204 437 304 469 ptura.
351 430 487 460 Primum
513 429 614 465 enim,
641 430 725 470 quod
751 431 922 470 praesentis
949 431 1096 470 temporis
1118 432 1246 462 verbum
1270 432 1375 471 posuit
1399 427 1522 468 ῧπάγει,

205 488 244 507 ex
265 486 302 507 eo
322 486 384 507 non
406 476 565 517 sequitur,
586 481 622 507 ut
641 477 778 507 eiusdem
798 478 944 517 temporis
964 478 1091 508 verhum
1111 477 1144 507 in
1163 478 1232 508 suis
1251 477 1340 509 libris
1359 479 1521 514 invenerit,

206 529 380 562 permutare
394 524 474 553 enim
495 529 631 562 tempora
645 523 831 555 scholiastas
851 523 953 554 solere
968 533 1063 564 quum
1083 524 1122 554 ab
1143 523 1212 554 aliis
1226 529 1290 554 tum
1310 533 1330 554 a
1343 524 1381 554 G.
1396 524 1523 555 Wolffio

207 572 405 601 observatum
425 574 473 600 est
492 570 513 600 1.
535 579 562 600 c.
585 580 612 609 p.
633 570 688 607 30,
716 571 769 601 ubi
789 571 919 610 plurima
945 571 1013 601 eius
1036 570 1269 610 permutationis
1293 570 1433 610 exempla
1453 580 1523 601 con-

207 624 296 655 gesta
321 618 467 655 reperies.
515 616 619 647 Nihilo
646 618 761 648 certius
787 623 836 647 est
867 619 996 648 verbum
1027 614 1211 657 ἀμφιβαλών
1239 616 1426 649 scholiastae
1455 623 1526 648 ante

208 663 317 693 oculos
343 662 452 693 fuisse.
498 663 590 697 Quod
623 664 704 693 enim
730 673 786 702 pro
813 665 1081 704 interpretamento
1107 664 1209 703 posuit
1237 662 1410 703 περιβαλὼν
1440 660 1523 702 aba?

208 709 299 745 ζυγὸν
319 711 391 747 περὶ
411 707 469 739 τὸν
488 707 596 748 λόφον,
619 705 751 746 ὑπάγει,
772 711 802 740 id
825 711 871 741 sic
890 711 1012 750 quidem
1033 711 1179 750 scriptum
1200 711 1352 740 absonum
1372 715 1428 739 est.
1455 710 1525 739 Non

209 757 291 786 enim
317 761 485 795 postquam.
507 756 724 793 circumdedit,
752 758 807 787 sed
834 763 869 787 ut
896 758 1063 788 circumdet
1088 757 1169 788 collo
1189 758 1312 796 iugum,
1337 757 1446 796 auriga
1465 757 1524 786 sub

209 804 315 842 iugum
336 803 420 833 ducit
440 811 564 841 equum.
605 803 663 834 Sin
683 808 783 833 autem
803 804 853 840 id,
880 804 961 843 quod
981 807 1151 843 temporum
1176 804 1257 834 ratio
1284 802 1416 833 suadere
1440 802 1525 832 vide-

210 856 304 886 retur,
326 849 452 888 scripsit
471 850 657 890 περιβαλῶν,
679 850 752 890 quid
773 850 911 890 impedit,
932 851 1095 891 quominus
1115 861 1185 882 eum
1199 851 1409 881 existimemus
1428 849 1527 888 ipsam

210 902 385 927 nostrorum
416 896 567 938 librorum
592 898 777 936 scripturam
810 898 1041 937 interpretatum
1067 898 1165 928 ivisse
1195 897 1299 928 verbis
1328 896 1451 935 quidem
1480 896 1527 926 sic

210 943 380 974 distinctis:
402 938 481 981 ἀμφὶ
502 940 601 982 λόφον
621 941 729 979 ζυγόνῖ
751 944 830 973 Nam
849 953 943 982 quum
964 944 1164 983 coniungeret
1183 943 1279 973 verba
1297 943 1400 972 ’ἵππον
1419 939 1526 977 (ἕξεται

210 987 312 1026 ζυγόν,
333 997 431 1028 eaque
449 989 701 1028 interpretaretur
718 990 820 1020 ‘c‘nnov
839 986 951 1026 ὑπάγει
972 986 1035 1022 ὑπὸ
1055 988 1165 1028 λόφον,
1191 998 1253 1019 non
1272 989 1372 1027 potuit
1391 989 1452 1018 ista
1471 985 1527 1026 ἄμ,-

210 1039 247 1074 (pi
267 1032 366 1073 λόᾳον
387 1034 478 1064 aliter
496 1036 670 1074 explicare,
691 1044 781 1074 quam
801 1036 862 1070 itu,
882 1040 916 1064 ut
936 1034 1024 1071 fecit,
1045 1035 1221 1074 περιβαλῶν
1240 1030 1325 1074 atim?
1345 1033 1436 1070 ζυγὸν
1454 1038 1526 1073 περὶ

210 1081 267 1110 Υτὸν
288 1078 395 1120 λόφον.
437 1081 519 1115 Quid
539 1086 588 1111 est
613 1081 695 1111 enim
716 1081 800 1110 aliud
826 1089 939 1120 equum
960 1081 1072 1111 ducere
1093 1081 1151 1111 sub
1171 1081 1276 1120 iugum
1302 1080 1384 1110 circa
1403 1080 1524 1116 collum,

212 1134 303 1167 atque
324 1136 438 1166 equum
458 1127 570 1158 ducere
590 1127 649 1157 sub
668 1127 774 1166 iugum
794 1126 875 1157 collo
894 1126 1168 1158 circumdandum?

306 1174 394 1208 Quae
414 1182 509 1212 quum
528 1173 572 1203 ita
592 1173 670 1210 sint,
691 1172 878 1203 scholiorum
898 1173 1086 1204 adminiculo
1106 1173 1245 1204 destituti
1265 1174 1296 1203 in
1317 1173 1385 1203 sola
1404 1174 1528 1203 nitimur

212 1222 359 1251 librorum
380 1220 544 1258 scriptura.
585 1220 633 1249 Ac
652 1219 744 1256 mihi,
770 1220 826 1259 qui
843 1219 1052 1250 admirabilem
1072 1219 1174 1256 illam,
1194 1228 1294 1259 ⁴quam
1313 1218 1373 1250 hoc
1392 1220 1527 1250 carmine

214 1269 328 1298 chorus
348 1266 495 1302 celebrat,
524 1265 640 1305 ingenii
660 1265 784 1296 humani
803 1266 866 1296 vim
886 1275 949 1296 non
968 1271 1030 1296 tam
1048 1266 1083 1296 in
1101 1266 1175 1306 iugo
1195 1265 1284 1305 equis
1304 1266 1366 1295 iam
1385 1274 1527 1296 mansue—

212 1314 302 1344 factis
322 1311 525 1350 imponendo,
552 1320 645 1350 quam
664 1312 696 1342 in
716 1312 841 1343 domitis
860 1312 1004 1351 primitus
1026 1311 1203 1351 coactisque
1222 1311 1281 1342 sub
1298 1311 1404 1350 iugum
1423 1312 1527 1342 etiam-

212 1366 276 1390 tum
302 1358 378 1389 feris
408 1357 517 1388 bestiis
547 1358 630 1388 cerni
659 1357 848 1399 ἱιιῑειΙΙίςιιιιι,Δ
874 1367 938 1389 non
966 1358 1094 1389 dubium
1122 1358 1262 1396 videtur,
1288 1351 1366 1398 quin
1391 1357 1526 1389 futurum

213 1405 320 1442 ἄξεται
338 1404 401 1442 vel,
421 1404 505 1444 quod
524 1404 579 1434 La.
600 1409 632 1435 et
651 1405 721 1435 Par.
742 1405 775 1435 F.
794 1405 926 1442 habent,
944 1405 1045 1441 ἕξεται
1065 1411 1105 1435 ex
1124 1405 1347 1436 aoristowerbi
1366 1405 1527 1441 eiusmodi,

214 1454 263 1483 cui
283 1451 416 1490 cogendi
436 1451 485 1481 vis
498 1451 636 1481 subiecta
655 1456 749 1488 esset,
770 1456 801 1481 et
813 1446 1330 1490 praepositione-huamcompmm
1343 1451 1392 1482 sit.
1417 1451 1527 1483 euius-

213 1499 296 1530 modi
315 1497 443 1528 verbum
462 1505 563 1534 nemo,
585 1498 690 1533 credo,
710 1497 813 1537 aptius
832 1498 974 1538 reperiet,
996 1502 1086 1536 quam
1106 1496 1220 1537 ἐέργειν
1239 1497 1390 1529 cohibere.
1421 1498 1526 1539 ltaque

214 1545 357 1586 suspicor
376 1553 396 1575 a
416 1543 570 1584 Sophocle
589 1544 737 1584 scriptum
756 1543 855 1577 fuisse

493 1591 596 1622 ἵππον
616 1587 696 1631 εἐρξ’
718 1586 798 1621 &aaz
818 1588 1000 1632 ἃμφίλοφον
1018 1589 1118 1629 ζυγόν.

308 1638 445 1668 Verbum
465 1637 578 1677 ἐέργειν
603 1638 642 1668 de
667 1646 702 1668 re
724 1637 859 1669 vinculis
885 1638 1124 1679 constringenda
1149 1638 1312 1677 usurpavit
1332 1638 1528 1669 Parmenides

215 1695 265 1725 ap.
286 1684 394 1724 Simpl.
415 1683 546 1715 Comm..
555 1684 587 1714 in
605 1684 734 1714 Aristot.
756 1684 888 1724 Physic.
900 1684 951 1715 fol.
969 1686 1002 1715 7.
1023 1694 1063 1715 a.
1077 1681 1173 1718 οὕτως
1193 1684 1327 1722 ἔμπεδον
1347 1680 1425 1714 av&
1444 1686 1529 1723 μένει

218 1734 278 1768 (sc.
298 1730 334 1761 τὸ
355 1728 418 1769 όν)’
439 1728 565 1770 κρατερὴ
586 1729 642 1770 γὰρ
663 1727 777 1768 ἀνάγκη
796 1732 942 1769 metemus·
962 1730 997 1759 ἐν
1016 1730 1207 1768 ὅθσμοῖσιν’
1197 1730 1277 1767 έχει,
1304 1728 1341 1760 τό
1359 1742 1412 1769 μιν
1432 1728 1528 1771 ἇμφῑς

215 1778 328 1817 ἐέργει,
354 1777 534 1816 metaphora
560 1781 667 1816 aperte
692 1776 900 1807 desumta-ab
923 1776 1012 1817 equis
1037 1777 1097 1807 sub
1122 1776 1228 1816 iugum
1251 1777 1408 1817 cogendis.
1450 1777 1527 1809 Cum

216 1824 446 1864 praepositione
464 1819 527 1854 ῧπό
547 1824 628 1855 idem
649 1824 777 1857 verbum
799 1828 1007 1854 constructum
1027 1829 1077 1855 est
1094 1833 1115 1854 a
1133 1824 1227 1864 Soph.
1248 1824 1280 1855 in
1299 1824 1387 1856 Aiac.
1408 1833 1438 1855 v.
1459 1825 1526 1856 753.

219 1870 313 1910 εἷρξαι
340 1867 463 1901 Αἴανθ’
493 1866 555 1901 ῧπό
582 1872 729 1907 στέγαισι.
770 1870 873 1910 Atque
904 1870 996 1901 simili
1026 1870 1160 1901 dictione
1189 1871 1281 1901 etiam
1311 1870 1461 1910 Virgilius
1488 1873 1527 1901 de
