1759 2481
896 136 943 171 20

259 241 373 273 lineola
393 242 477 273 finali
498 243 544 273 sic
564 247 690 273 exarata
709 248 793 279 erat,
818 247 854 273 ut
873 242 1063 282 diphthongo
1090 253 1125 272 αι
1150 241 1262 273 similis
1288 241 1393 277 fieret,
1419 241 1480 272 hoc
1504 241 1569 272 fere

260 289 352 319 modo
377 298 487 336 ιιι-ὶποο·
511 296 707 328 ωποτομον.
749 289 822 319 Vid.
843 288 929 319 Bast.
951 288 1068 320 Comm.
1092 288 1252 328 Palaeogr.
1273 298 1303 328 p.
1322 287 1389 319 ⁷04.
1410 295 1475 327 seq.
1517 288 1571 319 Sic

259 334 388 366 confusa
407 340 480 367 sunt
499 345 518 366 a
536 336 672 367 librariis
693 336 787 370 αἶπος
806 340 837 366 et
855 332 938 370 αἶπος
957 335 1038 375 apud
1057 334 1235 374 Euripidem
1260 335 1292 365 in
1314 333 1428 365 Phoen.
1448 343 1478 364 v.
1498 334 1568 365 852.

422 561 605 607 oedip.
630 561 697 599 R.
722 570 764 600 v.
789 559 913 600 892.
937 569 1041 605 seq.
1068 561 1122 599 et
1144 558 1272 600 9⁰6.
1298 551 1419 604 secu

372 671 376 675 ·
393 659 516 699 Stroph.
541 659 595 694 Τίς
614 658 660 690 ἔτι
680 656 750 690 ποτ’
773 659 807 691 ἐν
826 656 926 695 τοῖςδ’
936 657 1012 700 ἀνὴρ
1031 660 1123 701 θυμῷ
1143 660 1212 699 βέλη

538 705 654 746 Ξέρξη-αι
673 707 777 747 ψυχᾶς
797 703 948 746 &ituream

386 753 517 783 Antistr.
538 755 699 793 φθίνοντα
718 751 774 793 γὰρ
794 754 896 784 Λαΐου
916 752 1038 784 παλαιὰ

538 796 669 840 θέσφατ’
691 798 867 840 ἐξαιροῦσιν
885 797 953 839 ἤδη.

332 893 365 923 ln
385 892 575 923 emendando
594 892 655 923 hoc
672 891 742 923 loco
762 897 866 932 aperte
886 892 1035 924 mendoso
1054 896 1121 923 tota
1140 893 1194 924 via
1205 891 1276 923 illos
1289 901 1392 923 errare
1412 892 1565 928 existimo,

252 940 307 979 qui
326 940 370 969 ita
389 941 485 970 verba
503 939 782 978 mutandaputant,
803 945 838 970 ut
850 939 911 970 hoc
924 940 1007 970 dicat
1020 939 1150 970 chorus:
1171 940 1241 980 quis
1254 939 1397 979 amplius,
1418 940 1472 979 qui
1491 939 1566 970 talia

251 987 337 1022 facit,
358 986 485 1018 deorum
504 985 566 1015 tela
584 995 604 1015 a
623 986 688 1015 vita
708 995 768 1015 suu
786 994 893 1016 arcere
912 986 1046 1024 poterit?
1086 986 1175 1020 Quae
1188 986 1340 1016 sententie
1352 984 1424 1015 mihi
1443 986 1565 1025 quidem

250 1033 289 1062 ab
302 1032 362 1062 hoc
375 1032 444 1062 loco
457 1032 649 1062 alienissima
667 1032 799 1062 videtur.
828 1031 996 1071 interroget
1008 1032 1106 1068 istud,
1118 1033 1171 1072 qui
1187 1032 1341 1062 deterrere
1360 1031 1427 1062 vult
1439 1031 1561 1070 impios,

250 1090 289 1110 ne
316 1080 443 1109 nimium
470 1079 582 1109 confisi
609 1080 727 1108 viribus
752 1079 820 1108 suis
848 1079 975 1108 deorum
1002 1082 1198 1109 contemnant
1226 1078 1411 1114 vindictaun
1437 1084 1469 1108 at
1499 1079 1563 1118 qui,

251 1127 333 1156 sicut
352 1126 411 1155 hoe
429 1125 499 1155 loco
511 1126 646 1160 chorus,
666 1134 730 1154 nou
748 1125 855 1154 metuit
874 1134 992 1162 poenus
1012 1125 1230 1163 improborum,
1250 1125 1306 1155 sed
1326 1131 1450 1163 exoptat
1472 1123 1564 1162 (κακά

249 1184 300 1202 νιν
326 1172 428 1202 ἕλοιτο
448 1174 560 1209 μοῖρα,
580 1171 624 1200 ait
648 1170 762 1200 chorus
783 1180 813 1199 v.
839 1170 945 1209 882),
966 1170 1017 1209 qui
1038 1175 1179 1206 veretur,
1198 1179 1256 1206 ne,
1280 1170 1309 1202 si
1331 1171 1481 1210 impunita
1501 1170 1562 1200 dis-

248 1219 378 1251 cesserit
397 1217 554 1256 impietas,
582 1217 683 1247 omnis
710 1215 837 1247 tollatur
857 1217 983 1247 deorum
1004 1216 1107 1248 cultus
1132 1226 1170 1248 ac
1194 1217 1369 1248 reverentia
1391 1216 1435 1255 (εἰ
1454 1215 1509 1256 γὰρ
1530 1217 1565 1247 αἱ

248 1265 369 1296 τοιαίδε
388 1261 512 1303 πράξεις
529 1264 648 1301 τίμιαι,
667 1265 700 1292 τί
719 1263 768 1293 δεῖ
783 1273 822 1301 με
842 1260 996 1302 χορεύεινς
1016 1273 1047 1293 v.
1066 1264 1167 1302 895.)‚
1186 1272 1269 1299 eum,
1289 1264 1340 1294 ubi
1361 1264 1399 1294 de
1422 1265 1563 1295 arcendis

248 1312 359 1350 poeuis
386 1310 500 1339 divinis
528 1309 656 1348 quaerit,
684 1309 789 1347 potius
816 1309 878 1338 tale
905 1310 979 1349 quid
1000 1310 1087 1340 decet
1106 1318 1271 1350 quaerere:
1292 1310 1381 1349 quis
1406 1310 1562 1340 tandem

247 1357 417 1396 amplius
437 1357 475 1385 in
494 1355 557 1385 his
576 1356 693 1385 rebus
721 1355 758 1393 (i.
778 1364 806 1385 e.
828 1356 879 1385 ubi
899 1356 1023 1395 impune
1049 1361 1285 1388 contemnuntur
1306 1357 1428 1395 divina)
1449 1357 1562 1395 pensi

248 1403 460 1444 quidquam
485 1401 648 1435 habebit
673 1402 825 1433 deorum
850 1402 946 1440 tela,
973 1407 1015 1434 ut
1039 1403 1410 1444 supplicationibus
1434 1413 1453 1433 a
1478 1404 1561 1434 vita

249 1459 321 1481 sua
340 1453 516 1480 avertam
556 1448 646 1483 Quae
664 1448 817 1479 sententia
837 1448 956 1480 Graece
976 1450 1023 1481 sic
1041 1450 1171 1488 exprimi
1192 1454 1309 1488 potest:

530 1496 576 1529 τῖς
596 1494 642 1525 ἔτι
661 1491 731 1524 ποτ’
754 1493 789 1524 ἐν
807 1491 906 1528 τοῖςδ’
916 1491 992 1534 ἀνὴρ
1019 1496 1119 1536 θυμω*
1129 1496 1219 1534 βαλεῖ

528 1542 615 1572 θεων
633 1542 702 1581 βέλη
723 1542 828 1581 ψυχᾶς
848 1537 996 1579 ἀμύνειν,

326 1590 429 1628 Atque
448 1587 581 1619 fortasse
599 1587 677 1619 haec
696 1588 795 1628 ipsius
815 1593 887 1619 sunt
906 1593 1016 1628 poetae
1035 1589 1139 1620 verbs.
1180 1588 1284 1620 Potuit
1307 1570 1390 1621 certe
1414 1589 1493 1625 fieri,
1514 1596 1557 1627 ut,

247 1646 341 1675 quum
366 1636 525 1666 literarum
551 1635 649 1673 figura
673 1634 785 1665 similia
811 1635 874 1665 siut
899 1636 991 1676 θυμῷ
1016 1636 1106 1674 βαλεῖ
1133 1640 1165 1666 et
1194 1636 1280 1666 θεῶν
1308 1636 1396 1674 βέλη,
1429 1637 1560 1676 proclivi
1615 1665 1622 1667 e

247 1682 404 1712 oculorum
424 1689 530 1711 errore
549 1690 568 1711 u
586 1681 720 1711 librariis
740 1681 952 1712 omitterentur
970 1682 1066 1712 verba
1083 1682 1172 1721 βαλεῖ
1187 1682 1292 1717 θεῶν,
1317 1682 1418 1721 iisque
1436 1683 1560 1713 omissis

247 1728 417 1758 sententiae
442 1727 613 1766 explendae
640 1736 735 1757 causa
760 1727 799 1757 ab
826 1728 991 1767 interprete
1020 1732 1209 1768 repeteretur
1234 1737 1252 1757 e
1277 1737 1309 1758 v.
1336 1727 1404 1759 890.
1433 1727 1558 1767 ἕρξεται.

246 1776 350 1813 Atque
372 1773 487 1812 ἴρξεται
507 1774 692 1804 eiiciendum
711 1782 783 1803 esse
808 1774 1066 1814 scribendumque
1091 1774 1178 1804 θεῶν
1196 1773 1265 1812 βέλη
1284 1774 1345 1804 iam
1364 1774 1558 1805 Hermannus

244 1820 335 1850 vidit.
376 1820 479 1849 Dietio
504 1821 596 1860 θυμῷ
621 1820 727 1858 βαλεῖν
752 1824 901 1858 usurpata
925 1825 975 1850 est
999 1821 1039 1851 ab
1065 1820 1221 1860 Aeschylo
1246 1821 1279 1851 in
1306 1820 1407 1851 Prom.
1434 1831 1463 1850 v.
1490 1822 1558 1853 ⁷08.

245 1865 318 1900 τούς
337 1864 430 1904 ἐμοὺς
449 1863 554 1901 λόγους
574 1867 665 1906 θυμῷ
685 1863 776 1904 βάλε,
797 1875 855 1896 nec
882 1866 1031 1897 dissimile
1050 1873 1110 1903 est,
1135 1868 1217 1907 quod
1237 1867 1270 1897 in
1288 1866 1348 1898 hac
1366 1868 1437 1906 ipsa
1454 1867 1558 1898 fabula

244 1912 324 1943 infra
344 1921 373 1942 v.
394 1911 462 1941 975.
486 1911 597 1942 dictum
617 1918 733 1943 exstat:
754 1912 793 1951 μὴ
816 1913 873 1942 νῦν
893 1909 941 1943 ἔτ’
963 1909 1069 1944 αἰτῶν
1087 1914 1181 1952 μηδὲν
1201 1913 1231 1948 ἐς
1254 1913 1359 1952 θυμὸν
1377 1911 1477 1956 βάλῃς.
