<?xml version="1.0" encoding="UTF-8"?>
<!DOCTYPE html PUBLIC "-//W3C//DTD XHTML 1.0 Transitional//EN"
    "http://www.w3.org/TR/xhtml1/DTD/xhtml1-transitional.dtd">
<html xmlns="http://www.w3.org/1999/xhtml" xml:lang="en" lang="en">
 <head>
  <title>
</title>
<meta http-equiv="Content-Type" content="text/html;charset=utf-8" />
  <meta name='ocr-system' content='tesseract 3.04.00' />
  <meta name='ocr-capabilities' content='ocr_page ocr_carea ocr_par ocr_line ocrx_word'/>
</head>
<body>
  <div class='ocr_page' id='page_1' title='image "4625108_0014.png"; bbox 0 0 1759 2481; ppageno 0'>
   <div class='ocr_carea' id='block_1_1' title="bbox 878 97 902 129">
    <p class='ocr_par' dir='ltr' id='par_1_1' title="bbox 878 97 902 129">
     <span class='ocr_line' id='line_1_1' title="bbox 878 97 902 129; baseline 0 0"><span class='ocrx_word' id='word_1_1' title='bbox 878 97 902 129; x_wconf 87' lang='grc'><strong>4</strong></span> 
     </span>
    </p>
   </div>
   <div class='ocr_carea' id='block_1_2' title="bbox 800 144 982 149">
    <p class='ocr_par' dir='ltr' id='par_1_2' title="bbox 800 144 982 149">
     <span class='ocr_line' id='line_1_2' title="bbox 800 144 982 149; baseline 0 0"><span class='ocrx_word' id='word_1_2' title='bbox 800 144 982 149; x_wconf 95' lang='lat' dir='ltr'> </span> 
     </span>
    </p>
   </div>
   <div class='ocr_carea' id='block_1_3' title="bbox 229 197 1546 989">
    <p class='ocr_par' dir='ltr' id='par_1_3' title="bbox 229 197 1546 989">
     <span class='ocr_line' id='line_1_3' title="bbox 233 197 1544 242; baseline 0 -9"><span class='ocrx_word' id='word_1_3' title='bbox 233 207 316 241; x_wconf 87' lang='lat' dir='ltr'>ptam</span> <span class='ocrx_word' id='word_1_4' title='bbox 342 202 494 241; x_wconf 81' lang='lat' dir='ltr'><strong>syllabam</strong></span> <span class='ocrx_word' id='word_1_5' title='bbox 520 203 656 242; x_wconf 78' lang='lat' dir='ltr'>priorem</span> <span class='ocrx_word' id='word_1_6' title='bbox 681 202 714 232; x_wconf 89' lang='lat' dir='ltr'>in</span> <span class='ocrx_word' id='word_1_7' title='bbox 740 201 892 233; x_wconf 85' lang='lat' dir='ltr'>vocabulo</span> <span class='ocrx_word' id='word_1_8' title='bbox 919 201 997 231; x_wconf 78' lang='grc' dir='ltr'><strong><em>αἰέν.</em></strong></span> <span class='ocrx_word' id='word_1_9' title='bbox 1037 199 1100 231; x_wconf 87' lang='lat' dir='ltr'>Pro</span> <span class='ocrx_word' id='word_1_10' title='bbox 1129 210 1192 240; x_wconf 87' lang='lat' dir='ltr'>quo</span> <span class='ocrx_word' id='word_1_11' title='bbox 1221 202 1250 231; x_wconf 90' lang='lat' dir='ltr'>si</span> <span class='ocrx_word' id='word_1_12' title='bbox 1277 197 1327 230; x_wconf 76' lang='grc' dir='ltr'>ἀεὶ</span> <span class='ocrx_word' id='word_1_13' title='bbox 1356 203 1544 240; x_wconf 76' lang='lat' dir='ltr'><strong>reposueris,</strong></span> 
     </span>
     <span class='ocr_line' id='line_1_4' title="bbox 233 246 1543 288; baseline 0 -9"><span class='ocrx_word' id='word_1_14' title='bbox 233 258 296 279; x_wconf 89' lang='lat' dir='ltr'>non</span> <span class='ocrx_word' id='word_1_15' title='bbox 315 249 425 284; x_wconf 89' lang='lat' dir='ltr'>video,</span> <span class='ocrx_word' id='word_1_16' title='bbox 452 249 527 288; x_wconf 87' lang='lat' dir='ltr'>quid</span> <span class='ocrx_word' id='word_1_17' title='bbox 546 248 728 287; x_wconf 85' lang='lat' dir='ltr'>reprehendi</span> <span class='ocrx_word' id='word_1_18' title='bbox 753 248 786 277; x_wconf 91' lang='lat' dir='ltr'>in</span> <span class='ocrx_word' id='word_1_19' title='bbox 805 247 860 286; x_wconf 86' lang='lat' dir='ltr'>illa</span> <span class='ocrx_word' id='word_1_20' title='bbox 879 246 1092 278; x_wconf 75' lang='lat' dir='ltr'>emendatione</span> <span class='ocrx_word' id='word_1_21' title='bbox 1111 247 1227 286; x_wconf 79' lang='lat' dir='ltr'>possit,</span> <span class='ocrx_word' id='word_1_22' title='bbox 1254 247 1315 278; x_wconf 87' lang='lat' dir='ltr'>nisi</span> <span class='ocrx_word' id='word_1_23' title='bbox 1334 246 1439 284; x_wconf 75' lang='lat' dir='ltr'>forte„¹</span> <span class='ocrx_word' id='word_1_24' title='bbox 1459 249 1543 287; x_wconf 86' lang='lat' dir='ltr'>quod</span> 
     </span>
     <span class='ocr_line' id='line_1_5' title="bbox 233 290 1544 333; baseline 0 -8"><span class='ocrx_word' id='word_1_25' title='bbox 233 295 384 325; x_wconf 85' lang='lat' dir='ltr'>audacius</span> <span class='ocrx_word' id='word_1_26' title='bbox 410 295 514 325; x_wconf 87' lang='lat' dir='ltr'>omisit</span> <span class='ocrx_word' id='word_1_27' title='bbox 539 295 601 325; x_wconf 88' lang='lat' dir='ltr'>duo</span> <span class='ocrx_word' id='word_1_28' title='bbox 628 294 781 325; x_wconf 84' lang='lat' dir='ltr'>voeabula</span> <span class='ocrx_word' id='word_1_29' title='bbox 807 291 887 324; x_wconf 79' lang='grc' dir='ltr'>ἀλλὰ</span> <span class='ocrx_word' id='word_1_30' title='bbox 913 299 944 326; x_wconf 86' lang='lat' dir='ltr'>et</span> <span class='ocrx_word' id='word_1_31' title='bbox 970 290 1030 330; x_wconf 72' lang='grc' dir='ltr'>ἄν,</span> <span class='ocrx_word' id='word_1_32' title='bbox 1054 302 1150 333; x_wconf 86' lang='lat' dir='ltr'>quum</span> <span class='ocrx_word' id='word_1_33' title='bbox 1175 293 1256 325; x_wconf 90' lang='lat' dir='ltr'>idem</span> <span class='ocrx_word' id='word_1_34' title='bbox 1275 293 1376 326; x_wconf 82' lang='lat' dir='ltr'>lenius</span> <span class='ocrx_word' id='word_1_35' title='bbox 1395 296 1544 333; x_wconf 81' lang='lat' dir='ltr'>consequi</span> 
     </span>
     <span class='ocr_line' id='line_1_6' title="bbox 234 340 867 380; baseline -0.002 -8"><span class='ocrx_word' id='word_1_36' title='bbox 234 346 341 380; x_wconf 85' lang='lat' dir='ltr'>posset</span> <span class='ocrx_word' id='word_1_37' title='bbox 361 351 423 373; x_wconf 87' lang='lat' dir='ltr'>una</span> <span class='ocrx_word' id='word_1_38' title='bbox 443 341 548 372; x_wconf 86' lang='lat' dir='ltr'>addita</span> <span class='ocrx_word' id='word_1_39' title='bbox 567 341 656 371; x_wconf 86' lang='lat' dir='ltr'>litera</span> <span class='ocrx_word' id='word_1_40' title='bbox 674 340 735 372; x_wconf 87' lang='lat' dir='ltr'>hoc</span> <span class='ocrx_word' id='word_1_41' title='bbox 754 341 867 371; x_wconf 88' lang='lat' dir='ltr'>modo:</span> 
     </span>
     <span class='ocr_line' id='line_1_7' title="bbox 423 384 929 427; baseline 0 -10"><span class='ocrx_word' id='word_1_42' title='bbox 423 387 539 427; x_wconf 86' lang='lat' dir='ltr'>stroph.</span> <span class='ocrx_word' id='word_1_43' title='bbox 561 384 630 417; x_wconf 75' lang='grc' dir='ltr'>ἀλλ’</span> <span class='ocrx_word' id='word_1_44' title='bbox 654 385 691 417; x_wconf 81' lang='grc' dir='ltr'>οὗ</span> <span class='ocrx_word' id='word_1_45' title='bbox 710 386 770 417; x_wconf 82' lang='grc' dir='ltr'>τὰν</span> <span class='ocrx_word' id='word_1_46' title='bbox 783 385 929 427; x_wconf 74' lang='grc' dir='ltr'><strong><em>’Ἄρτεμιν</em></strong></span> 
     </span>
     <span class='ocr_line' id='line_1_8' title="bbox 561 430 862 472; baseline 0.003 -9"><span class='ocrx_word' id='word_1_47' title='bbox 561 433 621 463; x_wconf 78' lang='grc' dir='ltr'>τάν</span> <span class='ocrx_word' id='word_1_48' title='bbox 641 431 692 464; x_wconf 72' lang='grc' dir='ltr'>ἀεὶ</span> <span class='ocrx_word' id='word_1_49' title='bbox 712 430 862 472; x_wconf 79' lang='grc' dir='ltr'><strong><em>ἀδμήταν.</em></strong></span> 
     </span>
     <span class='ocr_line' id='line_1_9' title="bbox 421 476 857 515; baseline 0 -4"><span class='ocrx_word' id='word_1_50' title='bbox 421 480 540 512; x_wconf 81' lang='lat' dir='ltr'>antistr.</span> <span class='ocrx_word' id='word_1_51' title='bbox 562 481 609 514; x_wconf 85' lang='grc' dir='ltr'>τίς</span> <span class='ocrx_word' id='word_1_52' title='bbox 629 476 686 510; x_wconf 76' lang='grc' dir='ltr'>οὖν</span> <span class='ocrx_word' id='word_1_53' title='bbox 706 476 857 515; x_wconf 75' lang='grc' dir='ltr'><strong><em>ἀπαξίαν</em></strong></span> 
     </span>
     <span class='ocr_line' id='line_1_10' title="bbox 564 525 869 567; baseline 0 -10"><span class='ocrx_word' id='word_1_54' title='bbox 564 528 623 558; x_wconf 85' lang='grc' dir='ltr'>σοῦ’</span> <span class='ocrx_word' id='word_1_55' title='bbox 642 538 675 565; x_wconf 75' lang='grc' dir='ltr'>γε</span> <span class='ocrx_word' id='word_1_56' title='bbox 695 525 869 567; x_wconf 77' lang='grc' dir='ltr'><em>πεφηνότος</em></span> 
     </span>
     <span class='ocr_line' id='line_1_11' title="bbox 563 569 1145 613; baseline 0.003 -10"><span class='ocrx_word' id='word_1_57' title='bbox 563 571 755 613; x_wconf 75' lang='grc' dir='ltr'><em>μεταβάλοιτ’</em></span> <span class='ocrx_word' id='word_1_58' title='bbox 779 571 820 604; x_wconf 77' lang='grc' dir='ltr'>ἂν</span> <span class='ocrx_word' id='word_1_59' title='bbox 840 569 899 604; x_wconf 80' lang='grc' dir='ltr'>ὧδε</span> <span class='ocrx_word' id='word_1_60' title='bbox 918 573 1010 611; x_wconf 80' lang='grc' dir='ltr'><strong><em>σιγὰν</em></strong></span> <span class='ocrx_word' id='word_1_61' title='bbox 1029 572 1127 612; x_wconf 82' lang='grc' dir='ltr'><strong><em>λόγων</em></strong></span> <span class='ocrx_word' id='word_1_62' title='bbox 1134 586 1145 609; x_wconf 83' lang='lat'><em>;</em></span> 
     </span>
     <span class='ocr_line' id='line_1_12' title="bbox 327 620 1544 660; baseline 0 -9"><span class='ocrx_word' id='word_1_63' title='bbox 327 621 425 651; x_wconf 76' lang='lat' dir='ltr'>vides</span> <span class='ocrx_word' id='word_1_64' title='bbox 451 620 602 651; x_wconf 85' lang='lat' dir='ltr'>dochmiis</span> <span class='ocrx_word' id='word_1_65' title='bbox 628 621 810 651; x_wconf 81' lang='lat' dir='ltr'>antecedere</span> <span class='ocrx_word' id='word_1_66' title='bbox 834 621 1040 660; x_wconf 73' lang='lat' dir='ltr'>antispastum</span> <span class='ocrx_word' id='word_1_67' title='bbox 1066 625 1098 651; x_wconf 88' lang='lat' dir='ltr'>et</span> <span class='ocrx_word' id='word_1_68' title='bbox 1116 620 1266 657; x_wconf 89' lang='lat' dir='ltr'>iambum,</span> <span class='ocrx_word' id='word_1_69' title='bbox 1294 620 1378 660; x_wconf 86' lang='lat' dir='ltr'>quod</span> <span class='ocrx_word' id='word_1_70' title='bbox 1397 628 1544 651; x_wconf 84' lang='lat' dir='ltr'>versuum</span> 
     </span>
     <span class='ocr_line' id='line_1_13' title="bbox 232 666 1546 707; baseline -0.001 -9"><span class='ocrx_word' id='word_1_71' title='bbox 232 676 331 707; x_wconf 79' lang='lat' dir='ltr'>genus</span> <span class='ocrx_word' id='word_1_72' title='bbox 343 667 433 698; x_wconf 81' lang='lat' dir='ltr'>etium</span> <span class='ocrx_word' id='word_1_73' title='bbox 446 667 478 697; x_wconf 89' lang='lat' dir='ltr'>in</span> <span class='ocrx_word' id='word_1_74' title='bbox 486 667 563 698; x_wconf 89' lang='lat' dir='ltr'>Oed.</span> <span class='ocrx_word' id='word_1_75' title='bbox 574 666 612 697; x_wconf 80' lang='lat' dir='ltr'>R.</span> <span class='ocrx_word' id='word_1_76' title='bbox 622 667 729 699; x_wconf 83' lang='lat' dir='ltr'>v.660.</span> <span class='ocrx_word' id='word_1_77' title='bbox 750 667 903 699; x_wconf 86' lang='lat' dir='ltr'>Oed.Col.</span> <span class='ocrx_word' id='word_1_78' title='bbox 918 677 947 698; x_wconf 92' lang='lat' dir='ltr'>v.</span> <span class='ocrx_word' id='word_1_79' title='bbox 963 668 1028 699; x_wconf 80' lang='lat'>121.</span> <span class='ocrx_word' id='word_1_80' title='bbox 1043 676 1109 707; x_wconf 84' lang='lat' dir='ltr'>seq.</span> <span class='ocrx_word' id='word_1_81' title='bbox 1129 667 1179 698; x_wconf 84' lang='lat' dir='ltr'>Ai.</span> <span class='ocrx_word' id='word_1_82' title='bbox 1191 676 1219 698; x_wconf 86' lang='lat' dir='ltr'>v.</span> <span class='ocrx_word' id='word_1_83' title='bbox 1229 666 1298 698; x_wconf 84' lang='lat'><strong>890.</strong></span> <span class='ocrx_word' id='word_1_84' title='bbox 1313 676 1383 698; x_wconf 87' lang='lat' dir='ltr'>cum</span> <span class='ocrx_word' id='word_1_85' title='bbox 1395 667 1546 698; x_wconf 86' lang='lat' dir='ltr'>dochmiis</span> 
     </span>
     <span class='ocr_line' id='line_1_14' title="bbox 232 714 1543 754; baseline 0 -10"><span class='ocrx_word' id='word_1_86' title='bbox 232 715 443 745; x_wconf 84' lang='lat' dir='ltr'>consociatum</span> <span class='ocrx_word' id='word_1_87' title='bbox 463 715 627 746; x_wconf 85' lang='lat' dir='ltr'>invenitur.</span> <span class='ocrx_word' id='word_1_88' title='bbox 669 714 889 754; x_wconf 81' lang='lat' dir='ltr'>Antistrophae</span> <span class='ocrx_word' id='word_1_89' title='bbox 908 714 1011 745; x_wconf 89' lang='lat' dir='ltr'>locum</span> <span class='ocrx_word' id='word_1_90' title='bbox 1031 714 1079 745; x_wconf 89' lang='lat' dir='ltr'>sic</span> <span class='ocrx_word' id='word_1_91' title='bbox 1097 715 1294 754; x_wconf 88' lang='lat' dir='ltr'>interpretor:</span> <span class='ocrx_word' id='word_1_92' title='bbox 1314 714 1405 753; x_wconf 87' lang='lat' dir='ltr'>quis</span> <span class='ocrx_word' id='word_1_93' title='bbox 1425 715 1543 751; x_wconf 85' lang='lat' dir='ltr'>enim,</span> 
     </span>
     <span class='ocr_line' id='line_1_15' title="bbox 232 761 1544 801; baseline -0.001 -10"><span class='ocrx_word' id='word_1_94' title='bbox 232 770 347 800; x_wconf 88' lang='lat' dir='ltr'>quum</span> <span class='ocrx_word' id='word_1_95' title='bbox 379 765 420 791; x_wconf 93' lang='lat' dir='ltr'>tu</span> <span class='ocrx_word' id='word_1_96' title='bbox 453 762 705 801; x_wconf 80' lang='lat' dir='ltr'>apparueris,</span> <span class='ocrx_word' id='word_1_97' title='bbox 745 761 806 791; x_wconf 90' lang='lat' dir='ltr'>sic</span> <span class='ocrx_word' id='word_1_98' title='bbox 840 761 1140 791; x_wconf 85' lang='lat' dir='ltr'>commutaverit</span> <span class='ocrx_word' id='word_1_99' title='bbox 1172 761 1256 791; x_wconf 88' lang='lat' dir='ltr'>tuis</span> <span class='ocrx_word' id='word_1_100' title='bbox 1294 761 1544 791; x_wconf 85' lang='lat' dir='ltr'>sermonibus</span> 
     </span>
     <span class='ocr_line' id='line_1_16' title="bbox 231 806 1543 847; baseline -0.001 -11"><span class='ocrx_word' id='word_1_101' title='bbox 231 806 531 846; x_wconf 86' lang='lat' dir='ltr'>aequiparatum</span> <span class='ocrx_word' id='word_1_102' title='bbox 562 807 788 838; x_wconf 73' lang='lat' dir='ltr'>silentium?</span> <span class='ocrx_word' id='word_1_103' title='bbox 819 807 851 837; x_wconf 84' lang='lat' dir='ltr'>id</span> <span class='ocrx_word' id='word_1_104' title='bbox 876 811 944 843; x_wconf 87' lang='lat' dir='ltr'>est,</span> <span class='ocrx_word' id='word_1_105' title='bbox 971 807 1041 847; x_wconf 88' lang='lat' dir='ltr'>quis</span> <span class='ocrx_word' id='word_1_106' title='bbox 1068 816 1139 838; x_wconf 88' lang='lat' dir='ltr'>cum</span> <span class='ocrx_word' id='word_1_107' title='bbox 1157 807 1353 838; x_wconf 84' lang='lat' dir='ltr'>sermonibus</span> <span class='ocrx_word' id='word_1_108' title='bbox 1371 806 1452 841; x_wconf 87' lang='lat' dir='ltr'>tuis,</span> <span class='ocrx_word' id='word_1_109' title='bbox 1479 812 1543 836; x_wconf 85' lang='lat' dir='ltr'>tan-</span> 
     </span>
     <span class='ocr_line' id='line_1_17' title="bbox 230 853 1105 893; baseline 0.002 -10"><span class='ocrx_word' id='word_1_110' title='bbox 230 862 321 892; x_wconf 84' lang='lat' dir='ltr'>quam</span> <span class='ocrx_word' id='word_1_111' title='bbox 341 861 439 893; x_wconf 89' lang='lat' dir='ltr'>aeque</span> <span class='ocrx_word' id='word_1_112' title='bbox 458 859 579 893; x_wconf 86' lang='lat' dir='ltr'>gratum</span> <span class='ocrx_word' id='word_1_113' title='bbox 600 854 651 892; x_wconf 91' lang='lat' dir='ltr'>sit,</span> <span class='ocrx_word' id='word_1_114' title='bbox 673 853 830 884; x_wconf 90' lang='lat' dir='ltr'>silentium</span> <span class='ocrx_word' id='word_1_115' title='bbox 850 853 1105 885; x_wconf 70' lang='lat' dir='ltr'>commutaverit?</span> 
     </span>
     <span class='ocr_line' id='line_1_18' title="bbox 323 899 1544 941; baseline 0 -11"><span class='ocrx_word' id='word_1_116' title='bbox 323 900 430 940; x_wconf 85' lang='lat' dir='ltr'>ltaque</span> <span class='ocrx_word' id='word_1_117' title='bbox 449 901 508 932; x_wconf 88' lang='lat' dir='ltr'>hoc</span> <span class='ocrx_word' id='word_1_118' title='bbox 526 900 625 933; x_wconf 80' lang='lat' dir='ltr'>fulcro</span> <span class='ocrx_word' id='word_1_119' title='bbox 645 901 793 932; x_wconf 87' lang='lat' dir='ltr'>destituta</span> <span class='ocrx_word' id='word_1_120' title='bbox 812 906 895 932; x_wconf 83' lang='lat' dir='ltr'>stare</span> <span class='ocrx_word' id='word_1_121' title='bbox 914 910 978 932; x_wconf 90' lang='lat' dir='ltr'>non</span> <span class='ocrx_word' id='word_1_122' title='bbox 997 901 1108 941; x_wconf 87' lang='lat' dir='ltr'>poterit</span> <span class='ocrx_word' id='word_1_123' title='bbox 1133 901 1166 931; x_wconf 91' lang='lat' dir='ltr'>in</span> <span class='ocrx_word' id='word_1_124' title='bbox 1185 905 1292 932; x_wconf 86' lang='lat' dir='ltr'>nostro</span> <span class='ocrx_word' id='word_1_125' title='bbox 1311 899 1544 931; x_wconf 66' lang='lat' dir='ltr'>Trachinins-um</span> 
     </span>
     <span class='ocr_line' id='line_1_19' title="bbox 229 947 1543 989; baseline 0 -12"><span class='ocrx_word' id='word_1_126' title='bbox 229 947 298 979; x_wconf 92' lang='lat' dir='ltr'>loco</span> <span class='ocrx_word' id='word_1_127' title='bbox 324 947 472 978; x_wconf 87' lang='lat' dir='ltr'>librorum</span> <span class='ocrx_word' id='word_1_128' title='bbox 496 948 659 988; x_wconf 85' lang='lat' dir='ltr'>scriptura.</span> <span class='ocrx_word' id='word_1_129' title='bbox 699 948 749 979; x_wconf 84' lang='lat' dir='ltr'>De</span> <span class='ocrx_word' id='word_1_130' title='bbox 775 957 874 989; x_wconf 85' lang='lat' dir='ltr'>eaque</span> <span class='ocrx_word' id='word_1_131' title='bbox 899 958 934 979; x_wconf 88' lang='lat' dir='ltr'>re</span> <span class='ocrx_word' id='word_1_132' title='bbox 960 958 1055 989; x_wconf 84' lang='lat' dir='ltr'>quum</span> <span class='ocrx_word' id='word_1_133' title='bbox 1082 948 1176 980; x_wconf 86' lang='lat' dir='ltr'>ceteri</span> <span class='ocrx_word' id='word_1_134' title='bbox 1199 947 1299 979; x_wconf 85' lang='lat' dir='ltr'>critici</span> <span class='ocrx_word' id='word_1_135' title='bbox 1318 947 1397 977; x_wconf 85' lang='lat' dir='ltr'>inter</span> <span class='ocrx_word' id='word_1_136' title='bbox 1416 955 1452 977; x_wconf 87' lang='lat' dir='ltr'>se</span> <span class='ocrx_word' id='word_1_137' title='bbox 1471 956 1543 978; x_wconf 90' lang='lat' dir='ltr'>con-</span> 
     </span>
    </p>
   </div>
   <div class='ocr_carea' id='block_1_4' title="bbox 224 993 1544 1913">
    <p class='ocr_par' dir='ltr' id='par_1_4' title="bbox 227 993 1544 1170">
     <span class='ocr_line' id='line_1_20' title="bbox 229 993 1543 1034; baseline -0.001 -10"><span class='ocrx_word' id='word_1_138' title='bbox 229 994 345 1024; x_wconf 87' lang='lat' dir='ltr'>sentire</span> <span class='ocrx_word' id='word_1_139' title='bbox 377 994 558 1031; x_wconf 87' lang='lat' dir='ltr'>videantur,</span> <span class='ocrx_word' id='word_1_140' title='bbox 586 1000 650 1025; x_wconf 91' lang='lat' dir='ltr'>tum</span> <span class='ocrx_word' id='word_1_141' title='bbox 676 1004 716 1026; x_wconf 93' lang='lat' dir='ltr'>ne</span> <span class='ocrx_word' id='word_1_142' title='bbox 748 995 850 1034; x_wconf 89' lang='lat' dir='ltr'>ipsum</span> <span class='ocrx_word' id='word_1_143' title='bbox 880 995 1003 1034; x_wconf 84' lang='lat' dir='ltr'>quidem</span> <span class='ocrx_word' id='word_1_144' title='bbox 1029 995 1237 1025; x_wconf 87' lang='lat' dir='ltr'>Hermannum</span> <span class='ocrx_word' id='word_1_145' title='bbox 1266 1003 1350 1024; x_wconf 89' lang='lat' dir='ltr'>nunc</span> <span class='ocrx_word' id='word_1_146' title='bbox 1379 993 1543 1023; x_wconf 79' lang='lat' dir='ltr'>dissentire</span> 
     </span>
     <span class='ocr_line' id='line_1_21' title="bbox 229 1038 1542 1077; baseline 0 -8"><span class='ocrx_word' id='word_1_147' title='bbox 229 1040 383 1070; x_wconf 87' lang='lat' dir='ltr'>existimo.</span> <span class='ocrx_word' id='word_1_148' title='bbox 402 1040 493 1070; x_wconf 84' lang='lat' dir='ltr'>Certe</span> <span class='ocrx_word' id='word_1_149' title='bbox 513 1041 545 1070; x_wconf 90' lang='lat' dir='ltr'>in</span> <span class='ocrx_word' id='word_1_150' title='bbox 567 1041 643 1070; x_wconf 85' lang='lat' dir='ltr'>Oed.</span> <span class='ocrx_word' id='word_1_151' title='bbox 666 1041 732 1070; x_wconf 84' lang='lat' dir='ltr'>Col.</span> <span class='ocrx_word' id='word_1_152' title='bbox 753 1049 865 1069; x_wconf 88' lang='lat' dir='ltr'>versus</span> <span class='ocrx_word' id='word_1_153' title='bbox 885 1039 1050 1069; x_wconf 78' lang='lat' dir='ltr'>manifesto</span> <span class='ocrx_word' id='word_1_154' title='bbox 1069 1044 1234 1077; x_wconf 75' lang='lat' dir='ltr'>corruptos</span> <span class='ocrx_word' id='word_1_155' title='bbox 1248 1039 1334 1070; x_wconf 77' lang='lat'><strong>1074.</strong></span> <span class='ocrx_word' id='word_1_156' title='bbox 1350 1038 1436 1070; x_wconf 83' lang='lat'>1085.</span> <span class='ocrx_word' id='word_1_157' title='bbox 1455 1039 1542 1070; x_wconf 80' lang='lat'><strong>1559.</strong></span> 
     </span>
     <span class='ocr_line' id='line_1_22' title="bbox 230 1084 1544 1125; baseline -0.002 -8"><span class='ocrx_word' id='word_1_158' title='bbox 230 1086 334 1124; x_wconf 59' lang='lat'>¹57¹„</span> <span class='ocrx_word' id='word_1_159' title='bbox 360 1094 454 1124; x_wconf 86' lang='lat' dir='ltr'>quum</span> <span class='ocrx_word' id='word_1_160' title='bbox 479 1086 512 1116; x_wconf 93' lang='lat' dir='ltr'>in</span> <span class='ocrx_word' id='word_1_161' title='bbox 537 1086 672 1116; x_wconf 83' lang='lat' dir='ltr'>editione</span> <span class='ocrx_word' id='word_1_162' title='bbox 701 1085 722 1116; x_wconf 92' lang='lat' dir='ltr'>l.</span> <span class='ocrx_word' id='word_1_163' title='bbox 749 1085 899 1116; x_wconf 88' lang='lat' dir='ltr'>iambicos</span> <span class='ocrx_word' id='word_1_164' title='bbox 927 1084 1188 1125; x_wconf 82' lang='lat' dir='ltr'>ischiorrhogicos</span> <span class='ocrx_word' id='word_1_165' title='bbox 1216 1084 1384 1125; x_wconf 80' lang='lat' dir='ltr'>penultima</span> <span class='ocrx_word' id='word_1_166' title='bbox 1412 1085 1544 1123; x_wconf 84' lang='lat' dir='ltr'>ancipite</span> 
     </span>
     <span class='ocr_line' id='line_1_23' title="bbox 227 1131 1541 1170; baseline -0.002 -7"><span class='ocrx_word' id='word_1_167' title='bbox 227 1134 362 1168; x_wconf 80' lang='lat' dir='ltr'>fecisset,</span> <span class='ocrx_word' id='word_1_168' title='bbox 377 1142 476 1170; x_wconf 83' lang='lat' dir='ltr'>nuper</span> <span class='ocrx_word' id='word_1_169' title='bbox 488 1134 521 1161; x_wconf 89' lang='lat' dir='ltr'>in</span> <span class='ocrx_word' id='word_1_170' title='bbox 530 1133 579 1162; x_wconf 90' lang='lat' dir='ltr'>ed.</span> <span class='ocrx_word' id='word_1_171' title='bbox 590 1133 626 1162; x_wconf 86' lang='grc' dir='ltr'>Π.</span> <span class='ocrx_word' id='word_1_172' title='bbox 637 1133 678 1162; x_wconf 88' lang='lat' dir='ltr'>ad</span> <span class='ocrx_word' id='word_1_173' title='bbox 691 1132 770 1162; x_wconf 88' lang='lat' dir='ltr'>alios</span> <span class='ocrx_word' id='word_1_174' title='bbox 784 1140 930 1162; x_wconf 86' lang='lat' dir='ltr'>numeros</span> <span class='ocrx_word' id='word_1_175' title='bbox 944 1132 987 1161; x_wconf 87' lang='lat' dir='ltr'>ita</span> <span class='ocrx_word' id='word_1_176' title='bbox 999 1132 1135 1167; x_wconf 81' lang='lat' dir='ltr'>refinxit,</span> <span class='ocrx_word' id='word_1_177' title='bbox 1149 1136 1184 1161; x_wconf 88' lang='lat' dir='ltr'>ut</span> <span class='ocrx_word' id='word_1_178' title='bbox 1197 1136 1384 1170; x_wconf 80' lang='lat' dir='ltr'>exaequaret</span> <span class='ocrx_word' id='word_1_179' title='bbox 1393 1131 1541 1169; x_wconf 81' lang='lat' dir='ltr'>syllabas.</span> 
     </span>
    </p>

    <p class='ocr_par' dir='ltr' id='par_1_5' title="bbox 224 1176 1543 1913">
     <span class='ocr_line' id='line_1_24' title="bbox 321 1176 1543 1217; baseline -0.001 -9"><span class='ocrx_word' id='word_1_180' title='bbox 321 1178 385 1208; x_wconf 88' lang='lat' dir='ltr'>lam</span> <span class='ocrx_word' id='word_1_181' title='bbox 404 1187 499 1217; x_wconf 89' lang='lat' dir='ltr'>quum</span> <span class='ocrx_word' id='word_1_182' title='bbox 519 1177 633 1217; x_wconf 87' lang='lat' dir='ltr'>ambigi</span> <span class='ocrx_word' id='word_1_183' title='bbox 653 1178 770 1217; x_wconf 87' lang='lat' dir='ltr'>possit,</span> <span class='ocrx_word' id='word_1_184' title='bbox 796 1183 898 1209; x_wconf 89' lang='lat' dir='ltr'>utrum</span> <span class='ocrx_word' id='word_1_185' title='bbox 918 1178 951 1208; x_wconf 89' lang='lat' dir='ltr'>in</span> <span class='ocrx_word' id='word_1_186' title='bbox 975 1177 1104 1217; x_wconf 85' lang='lat' dir='ltr'>stropha</span> <span class='ocrx_word' id='word_1_187' title='bbox 1123 1186 1165 1209; x_wconf 87' lang='lat' dir='ltr'>an</span> <span class='ocrx_word' id='word_1_188' title='bbox 1183 1177 1216 1208; x_wconf 92' lang='lat' dir='ltr'>in</span> <span class='ocrx_word' id='word_1_189' title='bbox 1240 1176 1432 1217; x_wconf 84' lang='lat' dir='ltr'>antistropha</span> <span class='ocrx_word' id='word_1_190' title='bbox 1450 1186 1543 1216; x_wconf 88' lang='lat' dir='ltr'>quae—</span> 
     </span>
     <span class='ocr_line' id='line_1_25' title="bbox 228 1223 1541 1264; baseline -0.001 -10"><span class='ocrx_word' id='word_1_191' title='bbox 228 1226 357 1256; x_wconf 88' lang='lat' dir='ltr'>rendum</span> <span class='ocrx_word' id='word_1_192' title='bbox 379 1225 420 1254; x_wconf 88' lang='lat' dir='ltr'>sit</span> <span class='ocrx_word' id='word_1_193' title='bbox 439 1224 560 1260; x_wconf 89' lang='lat' dir='ltr'>vitium,</span> <span class='ocrx_word' id='word_1_194' title='bbox 579 1225 612 1254; x_wconf 92' lang='lat' dir='ltr'>in</span> <span class='ocrx_word' id='word_1_195' title='bbox 632 1225 758 1264; x_wconf 84' lang='lat' dir='ltr'>stropha</span> <span class='ocrx_word' id='word_1_196' title='bbox 780 1225 988 1264; x_wconf 87' lang='lat' dir='ltr'>quaerendum</span> <span class='ocrx_word' id='word_1_197' title='bbox 1007 1233 1079 1256; x_wconf 80' lang='lat' dir='ltr'>esse</span> <span class='ocrx_word' id='word_1_198' title='bbox 1102 1233 1143 1255; x_wconf 85' lang='lat' dir='ltr'>ex</span> <span class='ocrx_word' id='word_1_199' title='bbox 1167 1233 1206 1255; x_wconf 88' lang='lat' dir='ltr'>eo</span> <span class='ocrx_word' id='word_1_200' title='bbox 1225 1223 1439 1263; x_wconf 76' lang='lat' dir='ltr'>intelligimus,</span> <span class='ocrx_word' id='word_1_201' title='bbox 1459 1224 1541 1263; x_wconf 87' lang='lat' dir='ltr'>quod</span> 
     </span>
     <span class='ocr_line' id='line_1_26' title="bbox 227 1270 1541 1309; baseline 0 -9"><span class='ocrx_word' id='word_1_202' title='bbox 227 1280 340 1301; x_wconf 88' lang='lat' dir='ltr'>versus</span> <span class='ocrx_word' id='word_1_203' title='bbox 365 1270 605 1309; x_wconf 82' lang='lat' dir='ltr'>antistrophicus</span> <span class='ocrx_word' id='word_1_204' title='bbox 631 1271 741 1301; x_wconf 86' lang='lat' dir='ltr'>iisdem</span> <span class='ocrx_word' id='word_1_205' title='bbox 767 1280 896 1309; x_wconf 87' lang='lat' dir='ltr'>prorsus</span> <span class='ocrx_word' id='word_1_206' title='bbox 922 1271 1157 1303; x_wconf 19' lang='lat' dir='ltr'>numerisvcum</span> <span class='ocrx_word' id='word_1_207' title='bbox 1178 1279 1238 1307; x_wconf 70' lang='lat' dir='ltr'>eo,</span> <span class='ocrx_word' id='word_1_208' title='bbox 1260 1271 1313 1309; x_wconf 88' lang='lat' dir='ltr'>qui</span> <span class='ocrx_word' id='word_1_209' title='bbox 1335 1271 1475 1309; x_wconf 83' lang='lat' dir='ltr'>proxime</span> <span class='ocrx_word' id='word_1_210' title='bbox 1495 1279 1541 1299; x_wconf 83' lang='lat' dir='ltr'>se-</span> 
     </span>
     <span class='ocr_line' id='line_1_27' title="bbox 227 1315 1541 1356; baseline 0 -10"><span class='ocrx_word' id='word_1_211' title='bbox 227 1317 342 1356; x_wconf 84' lang='lat' dir='ltr'>quitur,</span> <span class='ocrx_word' id='word_1_212' title='bbox 363 1316 506 1346; x_wconf 83' lang='lat' dir='ltr'>decurrit.</span> <span class='ocrx_word' id='word_1_213' title='bbox 548 1316 726 1356; x_wconf 84' lang='lat' dir='ltr'>Requiritur</span> <span class='ocrx_word' id='word_1_214' title='bbox 750 1317 844 1356; x_wconf 83' lang='lat' dir='ltr'>igitur</span> <span class='ocrx_word' id='word_1_215' title='bbox 869 1317 1007 1354; x_wconf 83' lang='lat' dir='ltr'>verbum,</span> <span class='ocrx_word' id='word_1_216' title='bbox 1031 1317 1118 1356; x_wconf 83' lang='lat' dir='ltr'>quod</span> <span class='ocrx_word' id='word_1_217' title='bbox 1143 1316 1314 1356; x_wconf 83' lang='lat' dir='ltr'>spondeum</span> <span class='ocrx_word' id='word_1_218' title='bbox 1340 1315 1466 1353; x_wconf 77' lang='lat' dir='ltr'>efficiat,</span> <span class='ocrx_word' id='word_1_219' title='bbox 1485 1325 1541 1355; x_wconf 85' lang='lat' dir='ltr'>pro</span> 
     </span>
     <span class='ocr_line' id='line_1_28' title="bbox 226 1362 1542 1402; baseline -0.001 -9"><span class='ocrx_word' id='word_1_220' title='bbox 226 1364 327 1394; x_wconf 85' lang='lat' dir='ltr'>iambo</span> <span class='ocrx_word' id='word_1_221' title='bbox 355 1364 465 1393; x_wconf 83' lang='grc' dir='ltr'><strong><em>στένει.</em></strong></span> <span class='ocrx_word' id='word_1_222' title='bbox 504 1362 687 1393; x_wconf 86' lang='lat' dir='ltr'>Wunderus</span> <span class='ocrx_word' id='word_1_223' title='bbox 712 1363 745 1393; x_wconf 87' lang='lat' dir='ltr'>in</span> <span class='ocrx_word' id='word_1_224' title='bbox 771 1363 918 1394; x_wconf 87' lang='lat' dir='ltr'>Emendd.</span> <span class='ocrx_word' id='word_1_225' title='bbox 945 1363 978 1393; x_wconf 92' lang='lat' dir='ltr'>in</span> <span class='ocrx_word' id='word_1_226' title='bbox 1004 1362 1115 1396; x_wconf 76' lang='lat' dir='ltr'>Trach.</span> <span class='ocrx_word' id='word_1_227' title='bbox 1141 1373 1183 1402; x_wconf 84' lang='lat' dir='ltr'>p.·</span> <span class='ocrx_word' id='word_1_228' title='bbox 1197 1362 1248 1397; x_wconf 77' lang='lat'>90.</span> <span class='ocrx_word' id='word_1_229' title='bbox 1276 1364 1378 1397; x_wconf 81' lang='grc' dir='ltr'><strong><em>στένει</em></strong></span> <span class='ocrx_word' id='word_1_230' title='bbox 1402 1363 1542 1402; x_wconf 76' lang='lat' dir='ltr'>glossam</span> 
     </span>
     <span class='ocr_line' id='line_1_29' title="bbox 225 1408 1541 1447; baseline 0 -9"><span class='ocrx_word' id='word_1_231' title='bbox 225 1418 299 1439; x_wconf 82' lang='lat' dir='ltr'>esse</span> <span class='ocrx_word' id='word_1_232' title='bbox 317 1409 446 1439; x_wconf 82' lang='lat' dir='ltr'>rarioris</span> <span class='ocrx_word' id='word_1_233' title='bbox 465 1408 611 1439; x_wconf 83' lang='lat' dir='ltr'>vocabuli</span> <span class='ocrx_word' id='word_1_234' title='bbox 631 1409 796 1439; x_wconf 83' lang='lat' dir='ltr'>contendit.</span> <span class='ocrx_word' id='word_1_235' title='bbox 836 1409 927 1439; x_wconf 86' lang='lat' dir='ltr'>Hunc</span> <span class='ocrx_word' id='word_1_236' title='bbox 946 1414 1074 1439; x_wconf 75' lang='lat' dir='ltr'>secutus</span> <span class='ocrx_word' id='word_1_237' title='bbox 1087 1409 1126 1439; x_wconf 83' lang='lat' dir='ltr'>G.</span> <span class='ocrx_word' id='word_1_238' title='bbox 1139 1408 1285 1445; x_wconf 82' lang='lat' dir='ltr'>Wolffius</span> <span class='ocrx_word' id='word_1_239' title='bbox 1303 1409 1358 1446; x_wconf 85' lang='lat' dir='ltr'>(de</span> <span class='ocrx_word' id='word_1_240' title='bbox 1375 1408 1541 1447; x_wconf 83' lang='lat' dir='ltr'>Sophoclis</span> 
     </span>
     <span class='ocr_line' id='line_1_30' title="bbox 224 1453 1540 1494; baseline 0.001 -10"><span class='ocrx_word' id='word_1_241' title='bbox 224 1454 414 1485; x_wconf 84' lang='lat' dir='ltr'>scholiorum</span> <span class='ocrx_word' id='word_1_242' title='bbox 434 1453 711 1485; x_wconf 83' lang='lat' dir='ltr'>Laurentianorum</span> <span class='ocrx_word' id='word_1_243' title='bbox 730 1454 827 1484; x_wconf 85' lang='lat' dir='ltr'>variis</span> <span class='ocrx_word' id='word_1_244' title='bbox 846 1454 1031 1485; x_wconf 86' lang='lat' dir='ltr'>lectionibus</span> <span class='ocrx_word' id='word_1_245' title='bbox 1050 1464 1081 1494; x_wconf 87' lang='lat' dir='ltr'>p.</span> <span class='ocrx_word' id='word_1_246' title='bbox 1099 1454 1166 1493; x_wconf 75' lang='lat'><strong>58.)</strong></span> <span class='ocrx_word' id='word_1_247' title='bbox 1179 1454 1378 1488; x_wconf 83' lang='lat' dir='ltr'>scholiastam</span> <span class='ocrx_word' id='word_1_248' title='bbox 1393 1454 1540 1485; x_wconf 85' lang='lat' dir='ltr'>adnotan-</span> 
     </span>
     <span class='ocr_line' id='line_1_31' title="bbox 226 1497 1539 1542; baseline -0.001 -10"><span class='ocrx_word' id='word_1_249' title='bbox 226 1506 287 1532; x_wconf 91' lang='lat' dir='ltr'>tem</span> <span class='ocrx_word' id='word_1_250' title='bbox 314 1497 456 1541; x_wconf 74' lang='grc' dir='ltr'><strong><em>ὀδύρεται</em></strong></span> <span class='ocrx_word' id='word_1_251' title='bbox 482 1504 533 1531; x_wconf 77' lang='grc' dir='ltr'>καὶ</span> <span class='ocrx_word' id='word_1_252' title='bbox 559 1501 662 1532; x_wconf 69' lang='grc' dir='ltr'><strong><em>στένει</em></strong></span> <span class='ocrx_word' id='word_1_253' title='bbox 690 1500 824 1532; x_wconf 83' lang='lat' dir='ltr'>fortasse</span> <span class='ocrx_word' id='word_1_254' title='bbox 849 1502 962 1541; x_wconf 70' lang='grc' dir='ltr'><strong><em>θρηνεῖ</em></strong></span> <span class='ocrx_word' id='word_1_255' title='bbox 983 1501 1100 1541; x_wconf 75' lang='lat' dir='ltr'>legisse</span> <span class='ocrx_word' id='word_1_256' title='bbox 1125 1501 1319 1542; x_wconf 85' lang='lat' dir='ltr'>suspicatur,</span> <span class='ocrx_word' id='word_1_257' title='bbox 1345 1500 1429 1541; x_wconf 86' lang='lat' dir='ltr'>quod</span> <span class='ocrx_word' id='word_1_258' title='bbox 1457 1501 1539 1531; x_wconf 90' lang='lat' dir='ltr'>idem</span> 
     </span>
     <span class='ocr_line' id='line_1_32' title="bbox 225 1547 1539 1580; baseline 0 -3"><span class='ocrx_word' id='word_1_259' title='bbox 225 1549 316 1578; x_wconf 83' lang='lat' dir='ltr'>etiam</span> <span class='ocrx_word' id='word_1_260' title='bbox 337 1547 573 1578; x_wconf 84' lang='lat' dir='ltr'>Schneidewino</span> <span class='ocrx_word' id='word_1_261' title='bbox 594 1549 626 1578; x_wconf 88' lang='lat' dir='ltr'>in</span> <span class='ocrx_word' id='word_1_262' title='bbox 646 1553 776 1579; x_wconf 87' lang='lat' dir='ltr'>mentem</span> <span class='ocrx_word' id='word_1_263' title='bbox 800 1549 926 1579; x_wconf 87' lang='lat' dir='ltr'>venisse</span> <span class='ocrx_word' id='word_1_264' title='bbox 952 1553 1109 1580; x_wconf 85' lang='lat' dir='ltr'>memorat.</span> <span class='ocrx_word' id='word_1_265' title='bbox 1149 1548 1193 1579; x_wconf 81' lang='lat' dir='ltr'>At</span> <span class='ocrx_word' id='word_1_266' title='bbox 1215 1557 1277 1579; x_wconf 89' lang='lat' dir='ltr'>non</span> <span class='ocrx_word' id='word_1_267' title='bbox 1303 1553 1351 1578; x_wconf 86' lang='lat' dir='ltr'>est</span> <span class='ocrx_word' id='word_1_268' title='bbox 1369 1547 1539 1579; x_wconf 86' lang='lat' dir='ltr'>verisimile</span> 
     </span>
     <span class='ocr_line' id='line_1_33' title="bbox 226 1594 1540 1635; baseline 0.002 -12"><span class='ocrx_word' id='word_1_269' title='bbox 226 1599 279 1623; x_wconf 85' lang='lat' dir='ltr'>aut</span> <span class='ocrx_word' id='word_1_270' title='bbox 304 1594 563 1632; x_wconf 84' lang='lat' dir='ltr'>interpretandam</span> <span class='ocrx_word' id='word_1_271' title='bbox 589 1595 648 1623; x_wconf 86' lang='lat' dir='ltr'>sibi</span> <span class='ocrx_word' id='word_1_272' title='bbox 668 1603 841 1635; x_wconf 82' lang='lat' dir='ltr'>quenquam</span> <span class='ocrx_word' id='word_1_273' title='bbox 861 1598 988 1634; x_wconf 84' lang='lat' dir='ltr'>putasse</span> <span class='ocrx_word' id='word_1_274' title='bbox 1012 1603 1120 1627; x_wconf 81' lang='lat' dir='ltr'>vocem</span> <span class='ocrx_word' id='word_1_275' title='bbox 1145 1603 1239 1635; x_wconf 81' lang='lat' dir='ltr'>prosa</span> <span class='ocrx_word' id='word_1_276' title='bbox 1259 1602 1383 1635; x_wconf 83' lang='lat' dir='ltr'>quoque</span> <span class='ocrx_word' id='word_1_277' title='bbox 1401 1594 1540 1626; x_wconf 86' lang='lat' dir='ltr'>oratione</span> 
     </span>
     <span class='ocr_line' id='line_1_34' title="bbox 225 1640 1539 1683; baseline -0.001 -12"><span class='ocrx_word' id='word_1_278' title='bbox 225 1640 460 1680; x_wconf 82' lang='lat' dir='ltr'>frequentatam,</span> <span class='ocrx_word' id='word_1_279' title='bbox 480 1644 535 1670; x_wconf 89' lang='lat' dir='ltr'>aut</span> <span class='ocrx_word' id='word_1_280' title='bbox 555 1640 583 1670; x_wconf 87' lang='lat' dir='ltr'>si</span> <span class='ocrx_word' id='word_1_281' title='bbox 603 1641 672 1680; x_wconf 85' lang='lat' dir='ltr'>quis</span> <span class='ocrx_word' id='word_1_282' title='bbox 691 1642 821 1680; x_wconf 83' lang='lat' dir='ltr'>putavit,</span> <span class='ocrx_word' id='word_1_283' title='bbox 835 1650 905 1672; x_wconf 86' lang='lat' dir='ltr'>eum</span> <span class='ocrx_word' id='word_1_284' title='bbox 921 1642 1150 1683; x_wconf 77' lang='lat' dir='ltr'>adscripturum</span> <span class='ocrx_word' id='word_1_285' title='bbox 1161 1641 1261 1673; x_wconf 80' lang='lat' dir='ltr'>fuisse</span> <span class='ocrx_word' id='word_1_286' title='bbox 1273 1642 1401 1674; x_wconf 85' lang='lat' dir='ltr'>verbum</span> <span class='ocrx_word' id='word_1_287' title='bbox 1416 1646 1448 1671; x_wconf 83' lang='lat' dir='ltr'>et</span> <span class='ocrx_word' id='word_1_288' title='bbox 1466 1649 1539 1679; x_wconf 89' lang='lat' dir='ltr'>poe-</span> 
     </span>
     <span class='ocr_line' id='line_1_35' title="bbox 226 1687 1538 1728; baseline 0 -11"><span class='ocrx_word' id='word_1_289' title='bbox 226 1692 326 1718; x_wconf 85' lang='lat' dir='ltr'>tarum</span> <span class='ocrx_word' id='word_1_290' title='bbox 347 1687 499 1726; x_wconf 85' lang='lat' dir='ltr'>proprium</span> <span class='ocrx_word' id='word_1_291' title='bbox 521 1691 552 1717; x_wconf 90' lang='lat' dir='ltr'>et</span> <span class='ocrx_word' id='word_1_292' title='bbox 578 1688 662 1727; x_wconf 85' lang='lat' dir='ltr'>quod</span> <span class='ocrx_word' id='word_1_293' title='bbox 688 1688 790 1726; x_wconf 82' lang='lat' dir='ltr'>ipsum</span> <span class='ocrx_word' id='word_1_294' title='bbox 816 1697 937 1728; x_wconf 85' lang='lat' dir='ltr'>quoque</span> <span class='ocrx_word' id='word_1_295' title='bbox 961 1687 1211 1727; x_wconf 82' lang='lat' dir='ltr'>interpretatione</span> <span class='ocrx_word' id='word_1_296' title='bbox 1234 1695 1326 1726; x_wconf 81' lang='lat' dir='ltr'>egere</span> <span class='ocrx_word' id='word_1_297' title='bbox 1349 1687 1538 1726; x_wconf 77' lang='lat' dir='ltr'>glossator-es</span> 
     </span>
     <span class='ocr_line' id='line_1_36' title="bbox 225 1730 1539 1773; baseline 0 -11"><span class='ocrx_word' id='word_1_298' title='bbox 225 1733 446 1769; x_wconf 86' lang='lat' dir='ltr'>existimarint,</span> <span class='ocrx_word' id='word_1_299' title='bbox 472 1739 506 1764; x_wconf 89' lang='lat' dir='ltr'>ut</span> <span class='ocrx_word' id='word_1_300' title='bbox 532 1733 667 1772; x_wconf 85' lang='lat' dir='ltr'>Hesych.</span> <span class='ocrx_word' id='word_1_301' title='bbox 695 1735 806 1763; x_wconf 84' lang='grc' dir='ltr'><strong><em>στένει·</em></strong></span> <span class='ocrx_word' id='word_1_302' title='bbox 835 1734 1006 1771; x_wconf 71' lang='grc' dir='ltr'><strong><em>ὀυςποιθεῖ,</em></strong></span> <span class='ocrx_word' id='word_1_303' title='bbox 1037 1735 1291 1773; x_wconf 82' lang='grc' dir='ltr'><strong><em>στενοχωρεῖται,</em></strong></span> <span class='ocrx_word' id='word_1_304' title='bbox 1321 1730 1478 1768; x_wconf 75' lang='grc' dir='ltr'><strong><em>στενάζει,</em></strong></span> <span class='ocrx_word' id='word_1_305' title='bbox 1508 1738 1539 1762; x_wconf 83' lang='lat' dir='ltr'>et</span> 
     </span>
     <span class='ocr_line' id='line_1_37' title="bbox 225 1777 1536 1815; baseline 0 -6"><span class='ocrx_word' id='word_1_306' title='bbox 225 1778 330 1809; x_wconf 86' lang='lat' dir='ltr'>Schol.</span> <span class='ocrx_word' id='word_1_307' title='bbox 352 1779 424 1809; x_wconf 90' lang='lat' dir='ltr'>min.</span> <span class='ocrx_word' id='word_1_308' title='bbox 447 1780 486 1808; x_wconf 85' lang='lat' dir='ltr'>ad</span> <span class='ocrx_word' id='word_1_309' title='bbox 506 1780 618 1810; x_wconf 83' lang='lat' dir='ltr'>Electr.</span> <span class='ocrx_word' id='word_1_310' title='bbox 640 1789 670 1809; x_wconf 87' lang='lat' dir='ltr'>v.</span> <span class='ocrx_word' id='word_1_311' title='bbox 694 1781 780 1811; x_wconf 76' lang='lat'>117⁷,</span> <span class='ocrx_word' id='word_1_312' title='bbox 800 1780 848 1810; x_wconf 89' lang='lat' dir='ltr'>ed.</span> <span class='ocrx_word' id='word_1_313' title='bbox 868 1779 1004 1811; x_wconf 82' lang='lat' dir='ltr'>Erfurdt.</span> <span class='ocrx_word' id='word_1_314' title='bbox 1027 1782 1124 1811; x_wconf 83' lang='grc' dir='ltr'><strong><em>στένω</em></strong></span> <span class='ocrx_word' id='word_1_315' title='bbox 1143 1777 1229 1811; x_wconf 78' lang='grc' dir='ltr'><strong><em>τάδε·</em></strong></span> <span class='ocrx_word' id='word_1_316' title='bbox 1249 1777 1388 1815; x_wconf 80' lang='grc' dir='ltr'><strong><em>,στενάζω</em></strong></span> <span class='ocrx_word' id='word_1_317' title='bbox 1407 1777 1536 1813; x_wconf 75' lang='grc' dir='ltr'><strong><em>τούτους</em></strong></span> 
     </span>
     <span class='ocr_line' id='line_1_38' title="bbox 228 1823 1536 1867; baseline 0.002 -13"><span class='ocrx_word' id='word_1_318' title='bbox 228 1825 299 1859; x_wconf 83' lang='grc' dir='ltr'><strong><em>τοῦς</em></strong></span> <span class='ocrx_word' id='word_1_319' title='bbox 319 1823 517 1864; x_wconf 74' lang='grc' dir='ltr'><strong><em>στεναγμούς.</em></strong></span> <span class='ocrx_word' id='word_1_320' title='bbox 557 1826 623 1866; x_wconf 86' lang='lat' dir='ltr'>Ego</span> <span class='ocrx_word' id='word_1_321' title='bbox 649 1827 678 1857; x_wconf 91' lang='lat' dir='ltr'>si</span> <span class='ocrx_word' id='word_1_322' title='bbox 704 1827 841 1866; x_wconf 84' lang='lat' dir='ltr'>glossam</span> <span class='ocrx_word' id='word_1_323' title='bbox 865 1836 937 1857; x_wconf 85' lang='lat' dir='ltr'>esse</span> <span class='ocrx_word' id='word_1_324' title='bbox 957 1828 1057 1859; x_wconf 81' lang='grc' dir='ltr'><strong><em>στένει</em></strong></span> <span class='ocrx_word' id='word_1_325' title='bbox 1083 1832 1234 1867; x_wconf 86' lang='lat' dir='ltr'>putarem,</span> <span class='ocrx_word' id='word_1_326' title='bbox 1254 1826 1438 1857; x_wconf 86' lang='lat' dir='ltr'>ooniicerem</span> <span class='ocrx_word' id='word_1_327' title='bbox 1460 1827 1536 1856; x_wconf 83' lang='lat' dir='ltr'>anti-</span> 
     </span>
     <span class='ocr_line' id='line_1_39' title="bbox 228 1869 1536 1913; baseline -0.001 -10"><span class='ocrx_word' id='word_1_328' title='bbox 228 1881 322 1911; x_wconf 87' lang='lat' dir='ltr'>quum</span> <span class='ocrx_word' id='word_1_329' title='bbox 340 1881 412 1904; x_wconf 86' lang='lat' dir='ltr'>esse</span> <span class='ocrx_word' id='word_1_330' title='bbox 432 1869 487 1902; x_wconf 83' lang='grc' dir='ltr'>ὂλό</span> <span class='ocrx_word' id='word_1_331' title='bbox 493 1869 503 1881; x_wconf 82' lang='lat'>²</span> <span class='ocrx_word' id='word_1_332' title='bbox 525 1871 637 1910; x_wconf 64' lang='grc' dir='ltr'><strong><em>αἰάζει,</em></strong></span> <span class='ocrx_word' id='word_1_333' title='bbox 658 1873 728 1905; x_wconf 84' lang='lat' dir='ltr'>coll.</span> <span class='ocrx_word' id='word_1_334' title='bbox 742 1873 875 1913; x_wconf 79' lang='lat' dir='ltr'>Hesych.</span> <span class='ocrx_word' id='word_1_335' title='bbox 896 1871 1003 1909; x_wconf 77' lang='grc' dir='ltr'><strong><em>αἰάζω·</em></strong></span> <span class='ocrx_word' id='word_1_336' title='bbox 1024 1871 1162 1912; x_wconf 57' lang='lat' dir='ltr'>&amp;meet-3,</span> <span class='ocrx_word' id='word_1_337' title='bbox 1181 1871 1325 1908; x_wconf 77' lang='grc' dir='ltr'><strong><em>στενάζω.</em></strong></span> <span class='ocrx_word' id='word_1_338' title='bbox 1342 1870 1452 1908; x_wconf 76' lang='grc' dir='ltr'><strong><em>αἰάζει·</em></strong></span> <span class='ocrx_word' id='word_1_339' title='bbox 1464 1874 1536 1911; x_wconf 77' lang='grc' dir='ltr'>θρη-</span> 
     </span>
    </p>
   </div>
  </div>
 </body>
</html>
