1759 2481
777 144 819 181 19

143 256 225 296 quod
246 255 283 285 ad
305 259 400 284 totam
421 252 602 283 sententiam
621 252 745 290 attinet,
765 262 809 283 -ea
828 262 937 293 parum
957 252 1033 283 scite
1053 260 1201 291 expressa
1227 257 1292 288 est,
1319 253 1346 283 si
1367 253 1451 283 lnso-

142 303 254 340 lentia,
280 305 442 341 postquam
462 306 519 338 per
538 300 762 339 metaphoram,
790 301 880 341 quasi
906 300 1027 340 tyranni
1055 299 1122 329 vice
1149 298 1300 338 fungens,
1326 299 1452 330 πολλῶν

142 346 401 390 ὕπερπλησθῆναι
420 346 501 377 dicta
521 351 585 385 est,
606 346 676 378 mox
697 347 877 387 metaphora
896 348 1035 383 deserta,
1054 346 1126 377 dum
1147 343 1378 385 εἰςαναβιίσασα
1397 356 1452 377 vo·

144 401 249 432 catur,
275 403 385 425 rursus
405 394 590 424 discernitur
609 404 629 424 a
647 399 797 434 tyranno,
824 400 907 430 tum,
933 394 1015 434 quod
1036 394 1124 432 peius
1144 393 1236 423 etiam
1255 397 1321 430 est,
1349 394 1451 424 denuo

143 442 267 482 tyranni
287 448 450 482 persopam
469 440 599 470 induens
619 450 636 470 e
655 441 772 470 vertice
792 441 933 470 decidere
951 440 1079 477 dicitur-3
1107 440 1137 469 id
1159 439 1240 474 enim
1261 435 1392 478 ὃροῦσαι
1412 440 1453 469 si-

144 488 288 529 gnificat,
315 496 377 515 non
405 486 546 516 deiicere.
588 486 637 516 Ad
664 487 828 517 verborum
855 491 956 516 autem
983 486 1242 516 constructionem
1269 485 1378 515 durum
1404 490 1454 516 est

144 535 191 565 sic
209 532 350 564 absolute
370 533 503 572 positum
523 533 590 562 sinc
617 533 727 564 obiecti
755 533 980 574 significatione
999 532 1190 571 participium
1211 530 1452 571 εῑςαναβάσασα,

146 580 229 621 quod
254 580 299 610 ita
325 581 445 610 demum
472 579 597 609 tolerari
623 585 746 619 posset,
772 581 800 610 si
827 579 996 619 principale
1023 588 1144 618 quoque
1170 579 1296 608 verbum
1316 575 1454 618 ὄρουσεν

145 631 229 658 esset
248 626 459 664 transitivum3
479 625 634 656 soloecum
649 636 724 668 vero
745 622 918 667 ἀκρότατον
930 622 1173 665 εῑςαναβιὶσασα,
1193 635 1286 666 quum
1301 623 1452 655 Graecum

146 675 187 706 sit
206 678 260 705 aut:
279 669 451 714 ἀκρότατον
470 669 667 712 ἀναβᾶσασα,
688 679 741 705 aut
761 670 932 714 ἀκρότατον
950 670 1181 712 εῑςαναβάσασα
1201 669 1272 712 ὄρος
1290 671 1341 703 vel
1354 672 1454 703 simile

146 722 237 761 quid;
263 721 331 750 sine
356 720 551 749 substantivo
576 721 657 750 enim
678 720 867 751 adverbialis
892 724 941 750 est
960 720 1156 749 accusativus
1177 715 1363 758 ἀκρότατον,
1391 729 1454 749 non

145 767 272 802 localis,
299 775 388 806 quem
415 766 593 796 necessario
620 767 678 796 sibi
706 763 825 807 flagitat:
849 766 1035 806 praepositio
1061 765 1114 800 εἷς.
1155 765 1280 795 Numeri
1309 765 1454 805 denique,

146 823 277 855 quorum
302 812 401 852 gratia
427 811 503 843 haec
529 813 706 845 coniectura
730 814 812 845 facta
837 818 902 851 est,
932 823 972 843 ne
999 813 1059 853 ipsi
1085 813 1208 853 quidem
1238 813 1313 844 nihil
1341 812 1455 844 habent

147 860 336 892 offensionis.
376 860 453 889 Nam
474 870 566 898 quum
587 862 775 898 respondere
797 861 876 890 inter
896 869 931 890 se
950 861 1081 890 debeant
1099 869 1211 890 versus

332 905 448 944 sti-oph.
472 901 627 946 ὖψῖποδες
646 902 797 946 οῧρανῖαν
816 902 855 936 δι’

473 952 589 992 αἰθέρα
607 954 829 989 τεκνωθέντες,
850 947 895 983 ὧν
907 948 1088 992 ’Όλυμπός,

333 999 452 1028 antistr.
474 996 646 1037 ἀκρότατον
666 995 898 1038 εἰςαναβοὶσαὸ,

473 1041 636 1083 ἀπότομον
656 1042 793 1085 ὄρουσεν
815 1045 859 1080 εἰς
877 1042 1034 1083 ἀνάγκαν,

149 1092 290 1132 displicet
310 1090 498 1130 praepositio
523 1087 561 1120 δι’
586 1091 619 1120 in
638 1090 700 1121 fine
719 1100 831 1121 versus
850 1092 969 1130 posita,
995 1092 1048 1121 ubi
1069 1092 1240 1122 absolutam
1259 1100 1331 1121 esse
1350 1101 1455 1122 nume-

148 1148 251 1168 rorum
285 1138 518 1176 perpetuitatem
552 1137 714 1165 anacrusis
746 1137 905 1174 excipiens
938 1135 1088 1173 syllabam
1129 1137 1292 1174 ancipitem
1331 1137 1456 1167 indicat.

149 1183 255 1218 Mirer,
275 1182 302 1212 si
323 1181 500 1212 istiusmodi
518 1181 691 1220 exemplum
711 1180 841 1211 alterum
861 1190 880 1211 e
899 1180 1027 1220 tragicis
1046 1181 1148 1220 poetis
1167 1181 1269 1212 afferri
1289 1183 1398 1222 possit.

243 1228 348 1269 ltaque
369 1235 463 1268 quum
483 1228 615 1264 numeri,
635 1237 730 1268 quum
756 1228 871 1266 oratio,
898 1236 992 1269 quum
1012 1228 1164 1259 sententia
1183 1229 1307 1260 minime
1325 1239 1363 1260 ea
1383 1230 1457 1267 sint,

149 1286 228 1316 quae
254 1277 325 1316 quis
350 1276 452 1315 possit
477 1275 630 1314 Sophocle
656 1275 750 1314 digna
774 1274 908 1311 habere,
937 1284 1067 1313 prorsus
1095 1276 1301 1306 recedendum
1330 1277 1370 1306 ab
1399 1277 1458 1307 hac

150 1322 331 1353 emendandi
351 1322 404 1351 via
423 1326 455 1352 et
474 1322 513 1352 ad
533 1321 634 1358 illam,
661 1330 723 1360 qua
741 1325 832 1351 antea
850 1321 949 1351 critici
968 1320 1117 1351 medelam
1137 1320 1207 1351 loco
1227 1321 1337 1352 afferre
1361 1326 1457 1353 tenta-

149 1370 241 1405 bant,
266 1368 456 1399 redeundum
475 1368 627 1399 existimo.
668 1366 861 1398 intellexerat
879 1366 1080 1407 Mnsgravius
1099 1367 1268 1398 desiderari
1289 1369 1457 1400 substanti-

150 1426 241 1454 vum,
268 1417 317 1447 cui
344 1416 529 1446 adiectivum
556 1412 728 1455 ἀκρότατον
746 1414 967 1446 adhaerescere
985 1419 1100 1453 posset.
1140 1414 1220 1445 Huic
1239 1417 1362 1446 assensi
1384 1422 1458 1447 sunt

151 1462 345 1499 Erfurdtius,
364 1462 563 1499 Dindorfius‚
584 1461 763 1492 Wunderus
782 1466 813 1491 et
833 1460 905 1491 olim
925 1459 1136 1497 nermssnnus,
1157 1461 1209 1500 qui
1229 1460 1364 1492 fortasse
1382 1463 1459 1493 scri-

151 1509 253 1547 psisse
278 1513 400 1547 poetam
428 1509 617 1548 εἰςαναβᾶσα
642 1504 738 1548 πρῶν’
766 1508 958 1543 coniecerat,
984 1516 1075 1547 quam
1101 1508 1309 1538 coniecturam
1335 1509 1374 1539 ab
1402 1509 1457 1539 Er-

151 1554 265 1585 furdtio
284 1564 347 1585 non
366 1556 566 1593 improbatam
584 1555 653 1594 ipse
671 1559 780 1594 postea
797 1554 984 1585 retractavit.
1011 1554 1087 1584 Mihi
1100 1555 1268 1593 genuinum
1288 1555 1409 1585 videtur

340 1597 511 1641 ἀκρότατον
531 1597 707 1642 ekavoessc'io?

338 1648 431 1688 αἶπος
451 1644 632 1687 ἀπότομον,
653 1645 790 1688 ὄρουσεν
808 1647 853 1683 εἷς
871 1644 1018 1685 ἀνάγκαν.

153 1694 268 1724 Horum
288 1703 434 1725 versuum
453 1695 606 1734 posterior
624 1699 673 1725 est
692 1695 828 1726 trimeter
844 1695 996 1726 iambicus
1015 1693 1229 1730 catalecticus,
1249 1694 1299 1724 cui
1319 1695 1459 1735 aequalis

152 1746 200 1771 est
218 1741 392 1780 strophicus

339 1784 377 1819 δι’
394 1789 508 1828 αἰθέρα
522 1789 744 1825 τεκνωθέντος,
764 1783 809 1819 ὦν
820 1786 991 1828 Ὄλυμπος.

154 1833 349 1865 Vocabulum
368 1835 463 1870 αἶπος
483 1840 514 1865 et
532 1836 670 1874 apprime
689 1836 835 1866 convenit
848 1835 1027 1871 sententiae,
1049 1842 1128 1873 quae
1146 1833 1248 1864 locum
1261 1839 1459 1873 praeruptum

155 1877 348 1921 (ἀκρώρειαν
372 1886 465 1912 vocat
490 1881 694 1920 scholiastes)
720 1881 888 1921 significari
912 1880 1062 1920 postulet,
1088 1885 1119 1911 et
1144 1879 1291 1912 facillime
1317 1880 1461 1911 excidere

156 1927 257 1964 potuit
281 1933 352 1959 ante
378 1924 559 1967 ἀπότομον,
587 1928 766 1967 praesertim
794 1929 823 1958 ai
852 1928 884 1958 in
913 1927 972 1958 hac
997 1937 1073 1958 voce
1100 1927 1189 1958 litera
1219 1938 1241 1956 α
1265 1927 1461 1966 productiore

1224 1973 1271 2002 3*
