1759 2481
835 150 882 186 34

199 257 410 289 admirandam
436 257 609 288 socordiam
635 265 722 287 mens
748 266 856 288 eorum
881 260 1013 288 avocata
1037 260 1138 294 esset,
1165 256 1218 296 qui
1243 255 1304 286 iam
1328 254 1362 285 in
1384 255 1513 296 prologo
1566 274 1572 276 -

200 304 324 336 disertis
344 304 451 334 verbis
470 313 501 335 v.
521 304 569 334 21.
590 313 656 343 seq.
677 309 783 334 essent
802 304 922 340 edocti,
945 311 1017 333 esse
1035 302 1152 334 fontem
1170 312 1270 344 aquae
1288 302 1432 342 perennis
1450 312 1515 333 non

199 351 309 391 procul
329 351 368 381 ab
389 351 460 390 ipso
476 350 663 381 Philoctetae
683 356 781 381 antro.
823 351 930 391 Neque
949 350 1115 390 quidquam
1135 350 1175 380 ad
1195 349 1404 381 excusandam
1422 348 1514 385 istam

199 398 419 439 negligentiam
446 397 546 433 valet,
576 397 658 436 quod
684 406 704 427 a
729 398 816 428 chori
845 402 1013 437 conspectu
1043 396 1115 427 fons
1145 397 1199 427 ille
1217 397 1350 428 -videtur
1379 400 1516 426 remotas
1547 397 1553 403 “

198 445 317 481 fuisse,
343 450 378 474 nt
397 444 524 483 intelligi
544 444 616 474 lieet
636 450 667 474 et
686 454 724 475 ex
745 445 872 485 Ulyssis
891 444 996 475 verbis
1016 454 1046 473 v.
1066 445 1116 475 21.
1137 452 1223 484 seq„
1249 449 1281 474 et
1305 451 1345 475 ex
1367 442 1435 482 ipso
1455 441 1515 473 boc

199 492 281 528 loco,
303 491 356 522 ubi
376 491 533 530 optativus
553 493 637 530 γνοίη
659 491 744 523 chori
765 493 805 522 de
824 491 919 522 sontis
938 492 1001 522 situ
1020 490 1241 522 dubitationem
1262 490 1372 530 prodit.
1408 489 1517 530 Neque

200 539 282 569 enim
300 542 379 573 erat,
399 546 455 568 cur
473 538 544 568 ideo
564 540 720 578 stagnanti
740 548 821 579 aqua
842 538 1043 570 Philoctetam
1063 546 1153 569 usum
1173 543 1333 578 putarent,
1353 538 1416 568 nisi
1433 536 1514 568 101·oe

200 586 233 615 in
253 594 349 615 scena
367 584 461 615 talem
480 590 739 624 repraesentatam
759 586 861 616 credis
881 586 1049 625 regionem,
1068 584 1170 625 qualis
1183 584 1290 615 fluenti
1308 593 1391 625 aqua
1410 590 1516 615 carere

200 632 377 667 videretur,
405 631 489 662 velut
506 631 687 671 paludosam
706 631 858 672 aliquam,
885 632 936 663 vel
956 632 1049 662 nudis
1069 632 1155 662 saxis
1175 631 1346 672 rigidisque
1372 630 1515 662 cautibus

201 679 386 708 horrentem.
427 678 470 707 At
499 677 571 707 talis
601 687 696 707 scena
724 679 753 707 si
783 682 855 708 ante
884 679 993 709 oculos
1022 678 1135 709 fuisset
1163 678 1406 717 spectatoribus,
1435 684 1514 716 pene

200 723 333 755 ridicula
361 724 516 754 evasisset
545 722 736 754 Philoctetae
766 724 866 754 oratio
895 734 927 755 v.
961 724 1036 759 1453
1065 741 1103 747 —
1134 724 1239 761 1463„
1273 733 1336 764 qua
1362 720 1516 763 Nymphis

199 775 357 811 pratorum
383 770 570 809 irriguorum
595 770 794 810 fontibusque
819 771 975 802 valedicit.
1017 771 1079 803 Sed
1103 771 1223 802 etiamsi
1242 771 1293 801 vel
1314 769 1514 801 iustissimam

201 817 318 848 erroris
344 816 574 847 excusationem
599 816 714 848 chorus
738 817 881 855 haberet,
908 826 972 848 non
997 817 1067 849 ideo
1094 818 1185 848 etiam
1205 822 1314 857 poetae
1335 815 1515 847 excusanda

201 865 358 894 videretur
382 863 605 902 imprudentia,
634 864 662 893 si
688 864 774 895 chori
800 865 975 905 ignorantia
1000 865 1040 894 ad
1070 864 1296 904 permovendos
1319 863 1515 893 miseratione

201 915 392 950 spectatores
418 910 503 939 abuti
529 909 693 941 voluisset.
733 911 813 942 Nam
839 912 891 951 qui
912 911 1082 942 scientibus
1106 911 1299 941 auditoribus
1319 909 1443 941 modum
1462 916 1514 938 ex·

202 957 285 987 cedit
303 957 337 985 in
356 956 543 991 miserando,
562 957 682 993 minuit,
702 967 795 996 quam
813 967 928 996 augere
945 957 1024 994 vult,
1044 958 1282 987 miserationem.

297 1002 363 1032 Has
383 1001 580 1032 difficultates
601 1004 653 1041 qui
673 1002 873 1042 intelligeret,
901 1002 1056 1044 Georgius
1075 997 1269 1034 Thudichum
1288 1000 1515 1040 interpretando

202 1049 370 1079 subvenire
395 1048 550 1080 laboranti
576 1049 747 1080 sententiae
772 1056 903 1081 conatus
930 1055 995 1085 est,
1024 1059 1132 1080 vocem
1160 1047 1277 1079 στατὸν
1301 1058 1364 1078 non
1391 1047 1430 1077 de
1453 1051 1514 1076 sta-

201 1096 322 1134 gnanti,
340 1095 397 1126 sed
416 1096 456 1125 de
475 1095 619 1134 apposita
638 1095 671 1124 in
691 1105 786 1126 urceo
805 1105 887 1135 aqua
906 1096 1004 1134 accipi
1023 1096 1144 1126 iubens.
1185 1095 1256 1130 Quo
1276 1101 1371 1124 sensu
1394 1092 1514 1123 etiamsi

202 1150 260 1179 per
279 1150 315 1171 se
334 1139 451 1171 πατόν
470 1139 551 1179 ὕδωρ
571 1138 701 1178 intelligi
720 1141 829 1179 possit,
850 1141 933 1179 quod
952 1141 1027 1169 mihi
1047 1142 1170 1180 quidem
1182 1141 1275 1170 valde
1293 1140 1418 1169 dubium
1431 1139 1516 1167 vidc-

202 1192 265 1225 tar,
284 1187 345 1218 hoc
363 1192 447 1218 certe
465 1186 535 1217 loco
555 1194 594 1215 ne
614 1186 658 1216 ita
677 1186 899 1227 intelligamus,
920 1186 1024 1217 verbis
1045 1184 1126 1217 ὅπου
1145 1188 1231 1226 γνοίη
1254 1194 1422 1217 monemur.

296 1234 408 1270 Immo,
435 1233 497 1263 nisi
523 1233 709 1263 dormitasse
734 1233 794 1264 hoc
819 1234 889 1264 loco
914 1239 1035 1273 poetam
1060 1234 1179 1272 credis,
1205 1232 1418 1264 emendatione
1436 1240 1516 1270 opus

202 1285 261 1311 est.
302 1280 351 1310 Ac
376 1279 449 1308 mihi
476 1279 599 1319 quidem
625 1286 688 1308 vox
714 1278 832 1309 στατόν
857 1280 1037 1318 permutatis
1062 1281 1142 1310 inter
1166 1288 1201 1311 se
1225 1279 1325 1310 literis
1350 1280 1383 1308 11
1406 1282 1437 1308 et
1457 1275 1519 1307 oT

202 1326 282 1365 (vid.
302 1325 461 1357 Schaefer.
481 1325 521 1356 ad
541 1324 633 1365 Greg.
654 1324 726 1356 Cor.
747 1336 775 1365 p.
795 1325 864 1357 931.
886 1330 918 1357 et
936 1326 1038 1357 Herm.
1058 1326 1099 1357 ad
1119 1325 1215 1366 Sopb.
1227 1325 1340 1357 Electr.
1360 1334 1391 1354 v.
1415 1323 1515 1361 1267.)

202 1383 241 1404 ex
261 1370 365 1403 πάτον
384 1372 508 1402 videtur
526 1377 600 1402 nata
619 1381 701 1409 esse,
723 1378 757 1402 ut
776 1378 867 1411 poeta
887 1374 1046 1412 scripserit

392 1415 496 1447 πάτον
516 1418 559 1451 εἶς
577 1416 658 1456 ὕδωρ
679 1415 729 1447 ἀεὶ
750 1416 949 1457 προςενώμα,

204 1464 264 1496 hae
293 1463 464 1494 sententia:
498 1463 575 1494 iter
608 1463 654 1493 ad
686 1472 823 1504 aquam
855 1474 1009 1504 semper
1041 1464 1258 1505 dirigebat,
1291 1464 1373 1504 quod
1406 1463 1513 1494 eadem

204 1511 324 1542 ratione
344 1510 458 1541 dictum
478 1515 544 1546 est,
571 1519 633 1550 qua
659 1519 753 1550 supra
777 1521 808 1541 v.
831 1511 896 1543 163.
918 1513 1023 1551 στίβον
1040 1507 1173 1551 ὃγμεύει.
1213 1510 1284 1545 Qua
1302 1510 1514 1542 emendatione

202 1558 296 1589 simul
314 1556 376 1588 hoc
395 1558 552 1588 consecuti
571 1564 690 1595 sumus,
710 1564 744 1588 ut
763 1558 893 1589 verbum
911 1563 1021 1589 natura
1039 1567 1099 1590 sua
1117 1558 1312 1590 transitivum
1330 1558 1515 1598 προς-νωμᾶν

202 1606 331 1642 habeat,
359 1614 422 1644 quo
447 1604 606 1635 commode
624 1603 733 1635 referri
753 1606 861 1644 possit.
900 1605 980 1636 Nam
999 1605 1081 1646 quod
1101 1605 1296 1637 Her-mannus
1314 1602 1395 1645 ὕδωρ
1418 1605 1515 1645 repeti

203 1653 297 1690 iubet,
318 1652 525 1691 interpretans
544 1651 576 1681 in
596 1650 644 1682 ed.
664 1650 721 1681 11..
712 1661 721 1669 ·
749 1652 953 1684 »admovebat
972 1653 1032 1684 sibi
1052 1661 1194 1694 aquam«
1215 1652 1250 1683 in
1267 1661 1306 1683 eo
1323 1651 1384 1684 hoc
1402 1657 1452 1683 est
1469 1652 1515 1682 in-

205 1698 374 1735 commodi,
401 1698 484 1738 quod
503 1703 535 1729 et
553 1698 783 1729 subaudiendus
801 1704 865 1737 est,
893 1709 955 1740 quo
975 1708 1068 1740 aegre
1088 1709 1246 1736 caremus,
1273 1699 1398 1729 dativus
1418 1694 1515 1738 αὗτῷ,

205 1751 236 1776 et
262 1745 446 1784 pervertitur
471 1745 596 1784 propria
621 1745 707 1775 verbi
733 1746 841 1784 νωμᾶν
866 1746 1071 1785 significatio,
1096 1752 1159 1786 qna
1177 1755 1240 1777 non
1265 1744 1442 1808 simpliciter
1467 1749 1516 1775 est

203 1800 341 1829 movere,
362 1791 418 1822 sed
436 1791 557 1823 ratione
575 1796 608 1822 et
627 1800 755 1822 numero
775 1801 910 1823 movere.

299 1837 408 1877 Neque
436 1843 538 1870 tamen
566 1839 611 1869 ita
640 1839 701 1869 iam
731 1843 928 1878 pet-sanatum
955 1847 1029 1870 esse
1056 1839 1158 1870 locun
1186 1839 1342 1870 existimo.
1388 1838 1516 1869 Residet

205 1886 287 1916 enim
313 1884 480 1923 scrupulus
503 1885 536 1916 in
561 1884 666 1916 verbis
696 1882 836 1915 λεύσσων
863 1882 897 1915 δ’
930 1883 1011 1916 ὅπου
1041 1888 1138 1925 γνοίη.
1178 1886 1268 1929 Quae
1294 1885 1389 1916 verba
1417 1885 1446 1915 si
1473 1894 1513 1916 eo

205 1940 299 1963 sensu
319 1932 566 1971 interpretamur,
584 1941 646 1970 quo
665 1932 698 1962 in
713 1931 772 1963 hac
791 1932 872 1964 inter
890 1941 926 1963 se
946 1933 1161 1964 coniunctione
1179 1938 1211 1963 et
1229 1931 1310 1963 uitro
1329 1941 1365 1963 ue
1383 1931 1514 1963 offerunt
