<?xml version="1.0" encoding="UTF-8"?>
<!DOCTYPE html PUBLIC "-//W3C//DTD XHTML 1.0 Transitional//EN"
    "http://www.w3.org/TR/xhtml1/DTD/xhtml1-transitional.dtd">
<html xmlns="http://www.w3.org/1999/xhtml" xml:lang="en" lang="en">
 <head>
  <title>
</title>
<meta http-equiv="Content-Type" content="text/html;charset=utf-8" />
  <meta name='ocr-system' content='tesseract 3.04.00' />
  <meta name='ocr-capabilities' content='ocr_page ocr_carea ocr_par ocr_line ocrx_word'/>
</head>
<body>
  <div class='ocr_page' id='page_1' title='image "4625108_0024.png"; bbox 0 0 1759 2481; ppageno 0'>
   <div class='ocr_carea' id='block_1_1' title="bbox 914 139 957 174">
    <p class='ocr_par' dir='ltr' id='par_1_1' title="bbox 914 139 957 174">
     <span class='ocr_line' id='line_1_1' title="bbox 914 139 957 174; baseline 0.023 -1"><span class='ocrx_word' id='word_1_1' title='bbox 914 139 957 174; x_wconf 80' lang='lat'><strong>14</strong></span> 
     </span>
    </p>
   </div>
   <div class='ocr_carea' id='block_1_2' title="bbox 844 189 972 194">
    <p class='ocr_par' dir='ltr' id='par_1_2' title="bbox 844 189 972 194">
     <span class='ocr_line' id='line_1_2' title="bbox 844 189 972 194; baseline 0 0"><span class='ocrx_word' id='word_1_2' title='bbox 844 189 972 194; x_wconf 95' lang='lat' dir='ltr'><strong> </strong></span> 
     </span>
    </p>
   </div>
   <div class='ocr_carea' id='block_1_3' title="bbox 278 243 1583 331">
    <p class='ocr_par' dir='ltr' id='par_1_3' title="bbox 278 243 1583 331">
     <span class='ocr_line' id='line_1_3' title="bbox 278 243 1583 285; baseline -0.002 -9"><span class='ocrx_word' id='word_1_3' title='bbox 278 254 472 285; x_wconf 91' lang='lat' dir='ltr'><strong>nunqnam</strong></span> <span class='ocrx_word' id='word_1_4' title='bbox 499 246 667 276; x_wconf 87' lang='lat' dir='ltr'><strong>aliorum</strong></span> <span class='ocrx_word' id='word_1_5' title='bbox 693 246 747 283; x_wconf 87' lang='lat' dir='ltr'><strong>(id</strong></span> <span class='ocrx_word' id='word_1_6' title='bbox 767 251 815 275; x_wconf 85' lang='lat' dir='ltr'><strong>est</strong></span> <span class='ocrx_word' id='word_1_7' title='bbox 834 254 959 282; x_wconf 90' lang='lat' dir='ltr'><strong>eorum,</strong></span> <span class='ocrx_word' id='word_1_8' title='bbox 985 244 1038 285; x_wconf 85' lang='lat' dir='ltr'><strong>qui</strong></span> <span class='ocrx_word' id='word_1_9' title='bbox 1057 243 1167 275; x_wconf 85' lang='lat' dir='ltr'><strong>Laium</strong></span> <span class='ocrx_word' id='word_1_10' title='bbox 1187 243 1417 280; x_wconf 74' lang='lat' dir='ltr'><strong>interfecerunt,</strong></span> <span class='ocrx_word' id='word_1_11' title='bbox 1447 253 1525 283; x_wconf 91' lang='lat' dir='ltr'><strong>quos</strong></span> <span class='ocrx_word' id='word_1_12' title='bbox 1552 250 1583 274; x_wconf 89' lang='lat' dir='ltr'><strong>tu</strong></span> 
     </span>
     <span class='ocr_line' id='line_1_4' title="bbox 278 289 1540 331; baseline -0.002 -8"><span class='ocrx_word' id='word_1_13' title='bbox 278 293 397 323; x_wconf 88' lang='lat' dir='ltr'><strong>alienos</strong></span> <span class='ocrx_word' id='word_1_14' title='bbox 418 302 437 322; x_wconf 93' lang='lat' dir='ltr'><strong>a</strong></span> <span class='ocrx_word' id='word_1_15' title='bbox 457 298 487 323; x_wconf 87' lang='lat' dir='ltr'><strong>te</strong></span> <span class='ocrx_word' id='word_1_16' title='bbox 507 294 614 331; x_wconf 85' lang='lat' dir='ltr'><strong>putas)</strong></span> <span class='ocrx_word' id='word_1_17' title='bbox 633 292 734 322; x_wconf 81' lang='lat' dir='ltr'><strong>mala</strong></span> <span class='ocrx_word' id='word_1_18' title='bbox 755 292 937 323; x_wconf 84' lang='lat' dir='ltr'><strong>facinora</strong></span> <span class='ocrx_word' id='word_1_19' title='bbox 955 291 1124 328; x_wconf 78' lang='lat' dir='ltr'><strong>edicam,</strong></span> <span class='ocrx_word' id='word_1_20' title='bbox 1145 299 1191 321; x_wconf 87' lang='lat' dir='ltr'><strong>ne</strong></span> <span class='ocrx_word' id='word_1_21' title='bbox 1210 297 1276 321; x_wconf 89' lang='lat' dir='ltr'><strong>tua</strong></span> <span class='ocrx_word' id='word_1_22' title='bbox 1295 289 1540 330; x_wconf 81' lang='lat' dir='ltr'><strong>patefaciam.</strong></span> 
     </span>
    </p>
   </div>
   <div class='ocr_carea' id='block_1_4' title="bbox 359 483 1516 533">
    <p class='ocr_par' dir='ltr' id='par_1_4' title="bbox 359 483 1516 533">
     <span class='ocr_line' id='line_1_5' title="bbox 359 483 1516 533; baseline -0.001 -9"><span class='ocrx_word' id='word_1_23' title='bbox 359 486 542 533; x_wconf 78' lang='lat' dir='ltr'><strong>oedip.</strong></span> <span class='ocrx_word' id='word_1_24' title='bbox 567 486 634 525; x_wconf 84' lang='lat' dir='ltr'><strong>R.</strong></span> <span class='ocrx_word' id='word_1_25' title='bbox 658 496 701 526; x_wconf 84' lang='lat' dir='ltr'><strong>v.</strong></span> <span class='ocrx_word' id='word_1_26' title='bbox 726 485 833 526; x_wconf 84' lang='grc'><strong>665</strong></span> <span class='ocrx_word' id='word_1_27' title='bbox 851 506 896 513; x_wconf 89' lang='grc'>-</span> <span class='ocrx_word' id='word_1_28' title='bbox 911 484 1034 526; x_wconf 80' lang='grc'><strong>668.</strong></span> <span class='ocrx_word' id='word_1_29' title='bbox 1061 488 1115 525; x_wconf 80' lang='lat' dir='ltr'><strong>et</strong></span> <span class='ocrx_word' id='word_1_30' title='bbox 1139 494 1182 525; x_wconf 86' lang='lat' dir='ltr'><strong>v.</strong></span> <span class='ocrx_word' id='word_1_31' title='bbox 1207 483 1315 525; x_wconf 77' lang='grc'><strong>695</strong></span> <span class='ocrx_word' id='word_1_32' title='bbox 1330 504 1376 512; x_wconf 92' lang='grc'><strong>-</strong></span> <span class='ocrx_word' id='word_1_33' title='bbox 1393 483 1516 524; x_wconf 78' lang='grc'><strong>698.</strong></span> 
     </span>
    </p>
   </div>
   <div class='ocr_carea' id='block_1_5' title="bbox 469 575 1263 942">
    <p class='ocr_par' dir='ltr' id='par_1_5' title="bbox 469 575 944 618">
     <span class='ocr_line' id='line_1_6' title="bbox 469 575 944 618; baseline -0.002 -10"><span class='ocrx_word' id='word_1_34' title='bbox 469 577 593 617; x_wconf 84' lang='lat' dir='ltr'><strong>Stroph.</strong></span> <span class='ocrx_word' id='word_1_35' title='bbox 620 575 716 608; x_wconf 74' lang='grc' dir='ltr'><strong>Ἀλλά</strong></span> <span class='ocrx_word' id='word_1_36' title='bbox 733 588 787 616; x_wconf 85' lang='grc' dir='ltr'><strong>μοι</strong></span> <span class='ocrx_word' id='word_1_37' title='bbox 807 576 944 618; x_wconf 76' lang='grc' dir='ltr'><strong><em>δυςμόρῳ</em></strong></span> 
     </span>
    </p>

    <p class='ocr_par' dir='ltr' id='par_1_6' title="bbox 625 621 1137 665">
     <span class='ocr_line' id='line_1_7' title="bbox 625 621 1137 665; baseline -0.002 -11"><span class='ocrx_word' id='word_1_38' title='bbox 625 626 665 662; x_wconf 76' lang='grc' dir='ltr'><strong>γᾶ</strong></span> <span class='ocrx_word' id='word_1_39' title='bbox 684 626 848 664; x_wconf 74' lang='grc' dir='ltr'><strong><em>φθῖνουσα</em></strong></span> <span class='ocrx_word' id='word_1_40' title='bbox 867 621 969 664; x_wconf 85' lang='grc' dir='ltr'><strong><em>τρύχει</em></strong></span> <span class='ocrx_word' id='word_1_41' title='bbox 988 621 1137 665; x_wconf 80' lang='grc' dir='ltr'><strong><em>[ψυχάν],</em></strong></span> 
     </span>
    </p>

    <p class='ocr_par' dir='ltr' id='par_1_7' title="bbox 624 667 1037 705">
     <span class='ocr_line' id='line_1_8' title="bbox 624 667 1037 705; baseline 0 -5"><span class='ocrx_word' id='word_1_42' title='bbox 624 673 676 700; x_wconf 81' lang='grc' dir='ltr'><strong>καὶ</strong></span> <span class='ocrx_word' id='word_1_43' title='bbox 695 667 767 700; x_wconf 78' lang='grc' dir='ltr'><strong>τάδ’</strong></span> <span class='ocrx_word' id='word_1_44' title='bbox 790 671 820 700; x_wconf 80' lang='grc' dir='ltr'><strong>εἰ</strong></span> <span class='ocrx_word' id='word_1_45' title='bbox 838 674 941 705; x_wconf 77' lang='grc' dir='ltr'><strong><em>κακοῖς</em></strong></span> <span class='ocrx_word' id='word_1_46' title='bbox 960 669 1037 701; x_wconf 75' lang='grc' dir='ltr'><strong><em>κακὰ</em></strong></span> 
     </span>
    </p>

    <p class='ocr_par' dir='ltr' id='par_1_8' title="bbox 472 715 1263 804">
     <span class='ocr_line' id='line_1_9' title="bbox 626 715 1263 758; baseline -0.002 -10"><span class='ocrx_word' id='word_1_47' title='bbox 626 715 781 758; x_wconf 80' lang='grc' dir='ltr'><strong><em>προςάψει</em></strong></span> <span class='ocrx_word' id='word_1_48' title='bbox 803 721 869 752; x_wconf 88' lang='grc' dir='ltr'><strong><em>τοῖς</em></strong></span> <span class='ocrx_word' id='word_1_49' title='bbox 888 716 987 748; x_wconf 76' lang='grc' dir='ltr'><strong><em>πάλαι</em></strong></span> <span class='ocrx_word' id='word_1_50' title='bbox 1008 716 1046 747; x_wconf 78' lang='grc' dir='ltr'><strong>τὰ</strong></span> <span class='ocrx_word' id='word_1_51' title='bbox 1066 716 1143 756; x_wconf 84' lang='grc' dir='ltr'><strong><em>πρὸς</em></strong></span> <span class='ocrx_word' id='word_1_52' title='bbox 1167 718 1263 757; x_wconf 74' lang='grc' dir='ltr'><strong><em>σφῷν.</em></strong></span> 
     </span>
     <span class='ocr_line' id='line_1_10' title="bbox 472 760 995 804; baseline 0 -10"><span class='ocrx_word' id='word_1_53' title='bbox 472 764 602 795; x_wconf 84' lang='lat' dir='ltr'><strong>Antistr.</strong></span> <span class='ocrx_word' id='word_1_54' title='bbox 626 762 659 798; x_wconf 78' lang='grc' dir='ltr'><strong>ὅς</strong></span> <span class='ocrx_word' id='word_1_55' title='bbox 678 760 703 794; x_wconf 75' lang='grc' dir='ltr'><strong>τ’</strong></span> <span class='ocrx_word' id='word_1_56' title='bbox 725 763 803 803; x_wconf 79' lang='grc' dir='ltr'><strong><em>ἐμὰν</em></strong></span> <span class='ocrx_word' id='word_1_57' title='bbox 822 764 881 800; x_wconf 81' lang='grc' dir='ltr'><strong>γᾶν</strong></span> <span class='ocrx_word' id='word_1_58' title='bbox 900 764 995 804; x_wconf 83' lang='grc' dir='ltr'><strong><em>φίλαν</em></strong></span> 
     </span>
    </p>

    <p class='ocr_par' dir='ltr' id='par_1_9' title="bbox 627 808 1056 845">
     <span class='ocr_line' id='line_1_11' title="bbox 627 808 1056 845; baseline -0.002 -4"><span class='ocrx_word' id='word_1_59' title='bbox 627 810 662 841; x_wconf 74' lang='grc' dir='ltr'><strong>ἐν</strong></span> <span class='ocrx_word' id='word_1_60' title='bbox 681 808 793 845; x_wconf 79' lang='grc' dir='ltr'>πόνοις</span> <span class='ocrx_word' id='word_1_61' title='bbox 813 808 974 841; x_wconf 80' lang='grc' dir='ltr'><strong><em>ἄλύουσαν</em></strong></span> <span class='ocrx_word' id='word_1_62' title='bbox 993 808 1056 841; x_wconf 77' lang='grc' dir='ltr'><strong>κατ’</strong></span> 
     </span>
    </p>

    <p class='ocr_par' dir='ltr' id='par_1_10' title="bbox 628 853 1053 896">
     <span class='ocr_line' id='line_1_12' title="bbox 628 853 1053 896; baseline 0 -9"><span class='ocrx_word' id='word_1_63' title='bbox 628 853 727 896; x_wconf 73' lang='grc' dir='ltr'><strong><em>ὃρθόν</em></strong></span> <span class='ocrx_word' id='word_1_64' title='bbox 747 854 891 896; x_wconf 67' lang='grc' dir='ltr'><strong><em>οἷῖρισας,</em></strong></span> <span class='ocrx_word' id='word_1_65' title='bbox 911 858 1009 887; x_wconf 82' lang='grc' dir='ltr'><strong><em>τανῦν</em></strong></span> <span class='ocrx_word' id='word_1_66' title='bbox 1028 855 1053 887; x_wconf 75' lang='grc' dir='ltr'><strong>τ’</strong></span> 
     </span>
    </p>

    <p class='ocr_par' dir='ltr' id='par_1_11' title="bbox 627 900 1147 942">
     <span class='ocr_line' id='line_1_13' title="bbox 627 900 1147 942; baseline 0.002 -8"><span class='ocrx_word' id='word_1_67' title='bbox 627 900 807 942; x_wconf 79' lang='grc' dir='ltr'><strong><em>εὕπομπος,</em></strong></span> <span class='ocrx_word' id='word_1_68' title='bbox 828 904 858 934; x_wconf 80' lang='grc' dir='ltr'><strong>εἰ</strong></span> <span class='ocrx_word' id='word_1_69' title='bbox 876 902 1006 941; x_wconf 82' lang='grc' dir='ltr'><strong><em>δύναιο,</em></strong></span> <span class='ocrx_word' id='word_1_70' title='bbox 1027 905 1147 942; x_wconf 55' lang='lat' dir='ltr'><strong>[revoc]-</strong></span> 
     </span>
    </p>
   </div>
   <div class='ocr_carea' id='block_1_6' title="bbox 284 987 1601 1957">
    <p class='ocr_par' dir='ltr' id='par_1_12' title="bbox 284 987 1598 1445">
     <span class='ocr_line' id='line_1_14' title="bbox 378 987 1593 1029; baseline 0 -11"><span class='ocrx_word' id='word_1_71' title='bbox 378 990 466 1022; x_wconf 86' lang='lat' dir='ltr'><strong>Quae</strong></span> <span class='ocrx_word' id='word_1_72' title='bbox 491 989 612 1019; x_wconf 89' lang='lat' dir='ltr'><strong>uncinis</strong></span> <span class='ocrx_word' id='word_1_73' title='bbox 631 988 744 1019; x_wconf 85' lang='lat' dir='ltr'><strong>inclusi</strong></span> <span class='ocrx_word' id='word_1_74' title='bbox 763 989 860 1019; x_wconf 87' lang='lat' dir='ltr'><strong>verba</strong></span> <span class='ocrx_word' id='word_1_75' title='bbox 879 987 988 1028; x_wconf 77' lang='grc' dir='ltr'><strong><em>ψυχάν</em></strong></span> <span class='ocrx_word' id='word_1_76' title='bbox 1007 995 1038 1019; x_wconf 90' lang='lat' dir='ltr'><strong>et</strong></span> <span class='ocrx_word' id='word_1_77' title='bbox 1058 990 1166 1027; x_wconf 80' lang='grc' dir='ltr'><strong><em>γενοῦ,</em></strong></span> <span class='ocrx_word' id='word_1_78' title='bbox 1193 998 1293 1029; x_wconf 89' lang='lat' dir='ltr'><strong>neque</strong></span> <span class='ocrx_word' id='word_1_79' title='bbox 1319 989 1424 1020; x_wconf 88' lang='lat' dir='ltr'><strong>metris</strong></span> <span class='ocrx_word' id='word_1_80' title='bbox 1450 989 1593 1020; x_wconf 88' lang='lat' dir='ltr'><strong>conveni-</strong></span> 
     </span>
     <span class='ocr_line' id='line_1_15' title="bbox 285 1035 1593 1075; baseline 0 -10"><span class='ocrx_word' id='word_1_81' title='bbox 285 1042 338 1065; x_wconf 90' lang='lat' dir='ltr'><strong>unt</strong></span> <span class='ocrx_word' id='word_1_82' title='bbox 358 1044 458 1075; x_wconf 90' lang='lat' dir='ltr'><strong>neque</strong></span> <span class='ocrx_word' id='word_1_83' title='bbox 483 1035 564 1065; x_wconf 85' lang='lat' dir='ltr'><strong>lecta</strong></span> <span class='ocrx_word' id='word_1_84' title='bbox 590 1035 732 1065; x_wconf 85' lang='lat' dir='ltr'><strong>videntur</strong></span> <span class='ocrx_word' id='word_1_85' title='bbox 752 1045 772 1065; x_wconf 82' lang='lat' dir='ltr'><strong>a</strong></span> <span class='ocrx_word' id='word_1_86' title='bbox 791 1035 967 1065; x_wconf 76' lang='lat' dir='ltr'><strong>scholiasta.</strong></span> <span class='ocrx_word' id='word_1_87' title='bbox 1008 1036 1132 1066; x_wconf 86' lang='lat' dir='ltr'><strong>Delevit</strong></span> <span class='ocrx_word' id='word_1_88' title='bbox 1152 1036 1345 1066; x_wconf 84' lang='lat' dir='ltr'><strong>Hermannus</strong></span> <span class='ocrx_word' id='word_1_89' title='bbox 1365 1041 1399 1066; x_wconf 94' lang='lat' dir='ltr'><strong>ut</strong></span> <span class='ocrx_word' id='word_1_90' title='bbox 1418 1036 1593 1074; x_wconf 78' lang='lat' dir='ltr'>interpretis</span> 
     </span>
     <span class='ocr_line' id='line_1_16' title="bbox 284 1080 1594 1120; baseline 0 -9"><span class='ocrx_word' id='word_1_91' title='bbox 284 1082 499 1112; x_wconf 84' lang='lat' dir='ltr'><strong>additamenta.</strong></span> <span class='ocrx_word' id='word_1_92' title='bbox 552 1081 623 1115; x_wconf 89' lang='lat' dir='ltr'><strong>Quo</strong></span> <span class='ocrx_word' id='word_1_93' title='bbox 648 1080 731 1110; x_wconf 81' lang='lat' dir='ltr'><strong>facto</strong></span> <span class='ocrx_word' id='word_1_94' title='bbox 762 1081 879 1110; x_wconf 87' lang='lat' dir='ltr'><strong>numeri</strong></span> <span class='ocrx_word' id='word_1_95' title='bbox 910 1086 1101 1119; x_wconf 80' lang='lat' dir='ltr'><strong>congruunt,</strong></span> <span class='ocrx_word' id='word_1_96' title='bbox 1130 1080 1250 1113; x_wconf 83' lang='lat' dir='ltr'><strong>laborat</strong></span> <span class='ocrx_word' id='word_1_97' title='bbox 1279 1081 1441 1111; x_wconf 81' lang='lat' dir='ltr'><strong>sententia.</strong></span> <span class='ocrx_word' id='word_1_98' title='bbox 1492 1082 1594 1120; x_wconf 82' lang='lat' dir='ltr'>Atque</span> 
     </span>
     <span class='ocr_line' id='line_1_17' title="bbox 285 1124 1595 1167; baseline 0 -9"><span class='ocrx_word' id='word_1_99' title='bbox 285 1129 414 1167; x_wconf 86' lang='lat' dir='ltr'><strong>primum</strong></span> <span class='ocrx_word' id='word_1_100' title='bbox 434 1127 574 1158; x_wconf 90' lang='lat' dir='ltr'><strong>inaudita</strong></span> <span class='ocrx_word' id='word_1_101' title='bbox 593 1132 641 1157; x_wconf 85' lang='lat' dir='ltr'><strong>est</strong></span> <span class='ocrx_word' id='word_1_102' title='bbox 660 1126 774 1157; x_wconf 90' lang='lat' dir='ltr'><strong>locutio</strong></span> <span class='ocrx_word' id='word_1_103' title='bbox 794 1124 897 1166; x_wconf 82' lang='grc' dir='ltr'><strong><em>τρύχει</em></strong></span> <span class='ocrx_word' id='word_1_104' title='bbox 917 1137 971 1165; x_wconf 83' lang='grc' dir='ltr'><strong>μοι</strong></span> <span class='ocrx_word' id='word_1_105' title='bbox 990 1127 1041 1164; x_wconf 76' lang='grc' dir='ltr'><strong>γᾶ.</strong></span> <span class='ocrx_word' id='word_1_106' title='bbox 1068 1127 1246 1167; x_wconf 86' lang='lat' dir='ltr'><strong>Requiritur</strong></span> <span class='ocrx_word' id='word_1_107' title='bbox 1265 1128 1473 1158; x_wconf 81' lang='lat' dir='ltr'><strong>accusativus.</strong></span> <span class='ocrx_word' id='word_1_108' title='bbox 1502 1127 1595 1161; x_wconf 85' lang='lat' dir='ltr'><strong>Quod</strong></span> 
     </span>
     <span class='ocr_line' id='line_1_18' title="bbox 285 1169 1597 1213; baseline -0.001 -8"><span class='ocrx_word' id='word_1_109' title='bbox 285 1175 479 1205; x_wconf 85' lang='lat' dir='ltr'><strong>Hermannus</strong></span> <span class='ocrx_word' id='word_1_110' title='bbox 499 1173 660 1212; x_wconf 76' lang='lat' dir='ltr'><strong>proposuit</strong></span> <span class='ocrx_word' id='word_1_111' title='bbox 686 1170 766 1202; x_wconf 74' lang='grc' dir='ltr'><strong>ἀλλά</strong></span> <span class='ocrx_word' id='word_1_112' title='bbox 788 1170 819 1211; x_wconf 77' lang='grc' dir='ltr'><strong>μ’</strong></span> <span class='ocrx_word' id='word_1_113' title='bbox 848 1169 871 1202; x_wconf 80' lang='grc' dir='ltr'><em>ἆ</em></span> <span class='ocrx_word' id='word_1_114' title='bbox 895 1172 1042 1213; x_wconf 81' lang='grc' dir='ltr'><strong><em>δύςμορος</em></strong></span> <span class='ocrx_word' id='word_1_115' title='bbox 1067 1174 1107 1210; x_wconf 65' lang='lat' dir='ltr'><strong>ri?</strong></span> <span class='ocrx_word' id='word_1_116' title='bbox 1132 1172 1296 1213; x_wconf 74' lang='grc' dir='ltr'><strong><em>φθίνούσα</em></strong></span> <span class='ocrx_word' id='word_1_117' title='bbox 1319 1171 1439 1213; x_wconf 80' lang='grc' dir='ltr'><strong><em>τρύχει,</em></strong></span> <span class='ocrx_word' id='word_1_118' title='bbox 1466 1183 1529 1204; x_wconf 90' lang='lat' dir='ltr'><strong>non</strong></span> <span class='ocrx_word' id='word_1_119' title='bbox 1548 1179 1597 1204; x_wconf 86' lang='lat' dir='ltr'><strong>est</strong></span> 
     </span>
     <span class='ocr_line' id='line_1_19' title="bbox 284 1218 1596 1259; baseline -0.001 -8"><span class='ocrx_word' id='word_1_120' title='bbox 284 1220 455 1256; x_wconf 84' lang='lat' dir='ltr'><strong>eiusmodi,</strong></span> <span class='ocrx_word' id='word_1_121' title='bbox 475 1223 509 1249; x_wconf 90' lang='lat' dir='ltr'><strong>nt</strong></span> <span class='ocrx_word' id='word_1_122' title='bbox 528 1218 619 1249; x_wconf 81' lang='lat' dir='ltr'><strong>facile</strong></span> <span class='ocrx_word' id='word_1_123' title='bbox 638 1219 672 1248; x_wconf 91' lang='lat' dir='ltr'><strong>in</strong></span> <span class='ocrx_word' id='word_1_124' title='bbox 691 1218 849 1256; x_wconf 80' lang='lat' dir='ltr'><strong>vulgatam</strong></span> <span class='ocrx_word' id='word_1_125' title='bbox 869 1219 1053 1258; x_wconf 80' lang='lat' dir='ltr'><strong>scripturam</strong></span> <span class='ocrx_word' id='word_1_126' title='bbox 1073 1220 1185 1249; x_wconf 90' lang='lat' dir='ltr'><strong>mutari</strong></span> <span class='ocrx_word' id='word_1_127' title='bbox 1203 1220 1346 1259; x_wconf 88' lang='lat' dir='ltr'><strong>potnerit.</strong></span> <span class='ocrx_word' id='word_1_128' title='bbox 1387 1219 1596 1250; x_wconf 87' lang='lat' dir='ltr'><strong>Verisimilius</strong></span> 
     </span>
     <span class='ocr_line' id='line_1_20' title="bbox 286 1264 1595 1307; baseline -0.001 -10"><span class='ocrx_word' id='word_1_129' title='bbox 286 1268 366 1298; x_wconf 88' lang='lat' dir='ltr'><strong>duco</strong></span> <span class='ocrx_word' id='word_1_130' title='bbox 392 1267 426 1297; x_wconf 90' lang='lat' dir='ltr'><strong>in</strong></span> <span class='ocrx_word' id='word_1_131' title='bbox 452 1264 602 1305; x_wconf 85' lang='lat' dir='ltr'><strong>particula</strong></span> <span class='ocrx_word' id='word_1_132' title='bbox 628 1266 696 1302; x_wconf 79' lang='grc' dir='ltr'><strong><em>καί,</em></strong></span> <span class='ocrx_word' id='word_1_133' title='bbox 726 1264 778 1295; x_wconf 89' lang='lat' dir='ltr'><strong>vel</strong></span> <span class='ocrx_word' id='word_1_134' title='bbox 803 1265 851 1296; x_wconf 89' lang='lat' dir='ltr'><strong>sic</strong></span> <span class='ocrx_word' id='word_1_135' title='bbox 876 1270 1022 1305; x_wconf 86' lang='lat' dir='ltr'><strong>suspecta</strong></span> <span class='ocrx_word' id='word_1_136' title='bbox 1050 1265 1168 1297; x_wconf 87' lang='lat' dir='ltr'><strong>criticis</strong></span> <span class='ocrx_word' id='word_1_137' title='bbox 1196 1267 1355 1307; x_wconf 85' lang='lat' dir='ltr'><strong>eiectaque</strong></span> <span class='ocrx_word' id='word_1_138' title='bbox 1381 1276 1401 1297; x_wconf 88' lang='lat' dir='ltr'><strong>a</strong></span> <span class='ocrx_word' id='word_1_139' title='bbox 1426 1266 1595 1304; x_wconf 84' lang='lat' dir='ltr'><strong>Wundero,</strong></span> 
     </span>
     <span class='ocr_line' id='line_1_21' title="bbox 285 1311 1596 1353; baseline -0.001 -9"><span class='ocrx_word' id='word_1_140' title='bbox 285 1315 383 1344; x_wconf 89' lang='lat' dir='ltr'><strong>latere</strong></span> <span class='ocrx_word' id='word_1_141' title='bbox 408 1312 592 1343; x_wconf 85' lang='lat' dir='ltr'><strong>vocabulum</strong></span> <span class='ocrx_word' id='word_1_142' title='bbox 618 1312 699 1351; x_wconf 81' lang='grc' dir='ltr'><strong><em>κέαρ.</em></strong></span> <span class='ocrx_word' id='word_1_143' title='bbox 740 1311 832 1346; x_wconf 87' lang='lat' dir='ltr'><strong>Quod</strong></span> <span class='ocrx_word' id='word_1_144' title='bbox 858 1321 953 1351; x_wconf 86' lang='lat' dir='ltr'><strong>quum</strong></span> <span class='ocrx_word' id='word_1_145' title='bbox 978 1312 1109 1343; x_wconf 86' lang='lat' dir='ltr'><strong>insuave</strong></span> <span class='ocrx_word' id='word_1_146' title='bbox 1134 1313 1176 1344; x_wconf 90' lang='lat' dir='ltr'><strong>sit</strong></span> <span class='ocrx_word' id='word_1_147' title='bbox 1194 1322 1252 1353; x_wconf 84' lang='lat' dir='ltr'><strong>per</strong></span> <span class='ocrx_word' id='word_1_148' title='bbox 1270 1313 1428 1353; x_wconf 83' lang='lat' dir='ltr'><strong>synizesin</strong></span> <span class='ocrx_word' id='word_1_149' title='bbox 1448 1313 1480 1343; x_wconf 92' lang='lat' dir='ltr'><strong>in</strong></span> <span class='ocrx_word' id='word_1_150' title='bbox 1503 1322 1596 1343; x_wconf 88' lang='lat' dir='ltr'><strong>unam</strong></span> 
     </span>
     <span class='ocr_line' id='line_1_22' title="bbox 286 1356 1598 1399; baseline -0.001 -9"><span class='ocrx_word' id='word_1_151' title='bbox 286 1359 545 1398; x_wconf 79' lang='lat' dir='ltr'><strong>comprehendere</strong></span> <span class='ocrx_word' id='word_1_152' title='bbox 570 1357 740 1396; x_wconf 85' lang='lat' dir='ltr'><strong>syllabam,</strong></span> <span class='ocrx_word' id='word_1_153' title='bbox 767 1362 903 1396; x_wconf 79' lang='lat' dir='ltr'><strong>praestat</strong></span> <span class='ocrx_word' id='word_1_154' title='bbox 928 1358 962 1387; x_wconf 92' lang='lat' dir='ltr'><strong>in</strong></span> <span class='ocrx_word' id='word_1_155' title='bbox 987 1358 1179 1398; x_wconf 74' lang='lat' dir='ltr'><strong>antistropha</strong></span> <span class='ocrx_word' id='word_1_156' title='bbox 1202 1364 1275 1399; x_wconf 86' lang='lat' dir='ltr'><strong>post</strong></span> <span class='ocrx_word' id='word_1_157' title='bbox 1300 1356 1461 1389; x_wconf 78' lang='grc' dir='ltr'><strong><em>ἇλύουσαν</em></strong></span> <span class='ocrx_word' id='word_1_158' title='bbox 1483 1359 1598 1389; x_wconf 78' lang='lat' dir='ltr'><strong>addere</strong></span> 
     </span>
     <span class='ocr_line' id='line_1_23' title="bbox 286 1401 1596 1445; baseline -0.002 -9"><span class='ocrx_word' id='word_1_159' title='bbox 286 1404 469 1444; x_wconf 78' lang='lat' dir='ltr'><strong>particulam</strong></span> <span class='ocrx_word' id='word_1_160' title='bbox 488 1401 542 1440; x_wconf 75' lang='grc' dir='ltr'><strong>αὖ,</strong></span> <span class='ocrx_word' id='word_1_161' title='bbox 561 1413 642 1443; x_wconf 88' lang='lat' dir='ltr'><strong>qnae</strong></span> <span class='ocrx_word' id='word_1_162' title='bbox 660 1402 750 1434; x_wconf 83' lang='lat' dir='ltr'><strong>facilc</strong></span> <span class='ocrx_word' id='word_1_163' title='bbox 768 1403 909 1434; x_wconf 89' lang='lat' dir='ltr'><strong>excidere</strong></span> <span class='ocrx_word' id='word_1_164' title='bbox 922 1404 1055 1443; x_wconf 87' lang='lat' dir='ltr'><strong>potuerit</strong></span> <span class='ocrx_word' id='word_1_165' title='bbox 1067 1405 1271 1444; x_wconf 76' lang='lat' dir='ltr'><strong>praecedente</strong></span> <span class='ocrx_word' id='word_1_166' title='bbox 1289 1405 1383 1436; x_wconf 82' lang='lat' dir='ltr'><strong>simili</strong></span> <span class='ocrx_word' id='word_1_167' title='bbox 1403 1404 1524 1445; x_wconf 81' lang='lat' dir='ltr'><strong>syllaba</strong></span> <span class='ocrx_word' id='word_1_168' title='bbox 1544 1415 1596 1434; x_wconf 88' lang='grc' dir='ltr'><strong>αν.</strong></span> 
     </span>
    </p>

    <p class='ocr_par' dir='ltr' id='par_1_13' title="bbox 288 1448 1601 1957">
     <span class='ocr_line' id='line_1_24' title="bbox 381 1448 1597 1491; baseline 0 -9"><span class='ocrx_word' id='word_1_169' title='bbox 381 1451 437 1482; x_wconf 90' lang='lat' dir='ltr'><strong>llla</strong></span> <span class='ocrx_word' id='word_1_170' title='bbox 455 1460 543 1487; x_wconf 88' lang='lat' dir='ltr'><strong>vero,</strong></span> <span class='ocrx_word' id='word_1_171' title='bbox 563 1460 643 1491; x_wconf 86' lang='lat' dir='ltr'><strong>quae</strong></span> <span class='ocrx_word' id='word_1_172' title='bbox 662 1450 694 1480; x_wconf 88' lang='lat' dir='ltr'><strong>in</strong></span> <span class='ocrx_word' id='word_1_173' title='bbox 714 1454 851 1481; x_wconf 82' lang='lat' dir='ltr'><strong>extrema</strong></span> <span class='ocrx_word' id='word_1_174' title='bbox 869 1450 1062 1489; x_wconf 83' lang='lat' dir='ltr'><strong>antistropha</strong></span> <span class='ocrx_word' id='word_1_175' title='bbox 1080 1451 1240 1490; x_wconf 75' lang='lat' dir='ltr'><strong>leguntur,</strong></span> <span class='ocrx_word' id='word_1_176' title='bbox 1260 1452 1359 1482; x_wconf 76' lang='grc' dir='ltr'><strong><em>τανῦν</em></strong></span> <span class='ocrx_word' id='word_1_177' title='bbox 1377 1448 1403 1481; x_wconf 81' lang='grc' dir='ltr'><strong>τ’</strong></span> <span class='ocrx_word' id='word_1_178' title='bbox 1425 1448 1597 1490; x_wconf 53' lang='lat' dir='ltr'><strong>educentur,</strong></span> 
     </span>
     <span class='ocr_line' id='line_1_25' title="bbox 289 1495 1598 1538; baseline 0 -11"><span class='ocrx_word' id='word_1_179' title='bbox 289 1498 318 1527; x_wconf 72' lang='grc' dir='ltr'><strong>εἰ</strong></span> <span class='ocrx_word' id='word_1_180' title='bbox 336 1495 461 1533; x_wconf 78' lang='grc' dir='ltr'><strong><em>δύναιο,</em></strong></span> <span class='ocrx_word' id='word_1_181' title='bbox 481 1506 577 1527; x_wconf 86' lang='lat' dir='ltr'><strong>sensu</strong></span> <span class='ocrx_word' id='word_1_182' title='bbox 597 1505 726 1536; x_wconf 87' lang='lat' dir='ltr'><strong>prorsus</strong></span> <span class='ocrx_word' id='word_1_183' title='bbox 746 1505 838 1526; x_wconf 89' lang='lat' dir='ltr'><strong>cassa</strong></span> <span class='ocrx_word' id='word_1_184' title='bbox 858 1501 939 1526; x_wconf 88' lang='lat' dir='ltr'><strong>sunt.</strong></span> <span class='ocrx_word' id='word_1_185' title='bbox 967 1497 1058 1531; x_wconf 88' lang='lat' dir='ltr'><strong>Quod</strong></span> <span class='ocrx_word' id='word_1_186' title='bbox 1080 1496 1273 1528; x_wconf 72' lang='lat' dir='ltr'><strong>normannus</strong></span> <span class='ocrx_word' id='word_1_187' title='bbox 1292 1498 1428 1538; x_wconf 79' lang='lat' dir='ltr'><strong>reposito</strong></span> <span class='ocrx_word' id='word_1_188' title='bbox 1447 1506 1488 1529; x_wconf 88' lang='lat' dir='ltr'><strong>ex</strong></span> <span class='ocrx_word' id='word_1_189' title='bbox 1506 1498 1598 1528; x_wconf 89' lang='lat' dir='ltr'><strong>bonis</strong></span> 
     </span>
     <span class='ocr_line' id='line_1_26' title="bbox 288 1539 1600 1585; baseline 0 -10"><span class='ocrx_word' id='word_1_190' title='bbox 288 1545 448 1576; x_wconf 85' lang='lat' dir='ltr'><strong>codicibus</strong></span> <span class='ocrx_word' id='word_1_191' title='bbox 472 1544 572 1574; x_wconf 81' lang='grc' dir='ltr'><strong><em>τανῦν</em></strong></span> <span class='ocrx_word' id='word_1_192' title='bbox 597 1540 628 1574; x_wconf 79' lang='grc' dir='ltr'><strong>δ’</strong></span> <span class='ocrx_word' id='word_1_193' title='bbox 657 1553 713 1583; x_wconf 91' lang='lat' dir='ltr'><strong>pro</strong></span> <span class='ocrx_word' id='word_1_194' title='bbox 739 1543 838 1574; x_wconf 80' lang='grc' dir='ltr'><strong><em>τανῦν</em></strong></span> <span class='ocrx_word' id='word_1_195' title='bbox 857 1539 882 1573; x_wconf 77' lang='grc' dir='ltr'><strong>τ’</strong></span> <span class='ocrx_word' id='word_1_196' title='bbox 904 1548 937 1574; x_wconf 91' lang='lat' dir='ltr'><strong>et</strong></span> <span class='ocrx_word' id='word_1_197' title='bbox 956 1543 1076 1575; x_wconf 84' lang='lat' dir='ltr'><strong>sublata</strong></span> <span class='ocrx_word' id='word_1_198' title='bbox 1094 1544 1339 1584; x_wconf 81' lang='lat' dir='ltr'><strong>interpunctione</strong></span> <span class='ocrx_word' id='word_1_199' title='bbox 1357 1541 1481 1585; x_wconf 84' lang='lat' dir='ltr'><strong>scripsit</strong></span> <span class='ocrx_word' id='word_1_200' title='bbox 1500 1544 1600 1575; x_wconf 78' lang='grc' dir='ltr'><strong><em>τανῦν</em></strong></span> 
     </span>
     <span class='ocr_line' id='line_1_27' title="bbox 288 1588 1599 1631; baseline 0 -9"><span class='ocrx_word' id='word_1_201' title='bbox 288 1589 318 1622; x_wconf 74' lang='grc' dir='ltr'><strong>δ’</strong></span> <span class='ocrx_word' id='word_1_202' title='bbox 342 1588 506 1630; x_wconf 73' lang='grc' dir='ltr'><strong><em>εὕπομπος</em></strong></span> <span class='ocrx_word' id='word_1_203' title='bbox 526 1591 555 1621; x_wconf 79' lang='grc' dir='ltr'><strong>εἰ</strong></span> <span class='ocrx_word' id='word_1_204' title='bbox 572 1589 702 1626; x_wconf 83' lang='grc' dir='ltr'><strong><em>δύναιο,</em></strong></span> <span class='ocrx_word' id='word_1_205' title='bbox 723 1595 757 1620; x_wconf 89' lang='lat' dir='ltr'><strong>ut</strong></span> <span class='ocrx_word' id='word_1_206' title='bbox 777 1590 806 1620; x_wconf 75' lang='grc' dir='ltr'><strong>εἰ</strong></span> <span class='ocrx_word' id='word_1_207' title='bbox 823 1591 957 1630; x_wconf 86' lang='lat' dir='ltr'><strong>optantis</strong></span> <span class='ocrx_word' id='word_1_208' title='bbox 976 1596 1079 1627; x_wconf 83' lang='lat' dir='ltr'><strong>esset,</strong></span> <span class='ocrx_word' id='word_1_209' title='bbox 1098 1591 1139 1622; x_wconf 83' lang='lat' dir='ltr'><strong>ad</strong></span> <span class='ocrx_word' id='word_1_210' title='bbox 1158 1588 1269 1622; x_wconf 77' lang='grc' dir='ltr'><strong><em>δύναιο</em></strong></span> <span class='ocrx_word' id='word_1_211' title='bbox 1289 1596 1392 1622; x_wconf 84' lang='lat' dir='ltr'><strong>autem</strong></span> <span class='ocrx_word' id='word_1_212' title='bbox 1409 1596 1599 1631; x_wconf 78' lang='lat' dir='ltr'><strong>repeteretur</strong></span> 
     </span>
     <span class='ocr_line' id='line_1_28' title="bbox 288 1633 1598 1677; baseline 0 -10"><span class='ocrx_word' id='word_1_213' title='bbox 288 1634 350 1668; x_wconf 75' lang='grc' dir='ltr'><strong>κατ’</strong></span> <span class='ocrx_word' id='word_1_214' title='bbox 374 1635 475 1677; x_wconf 76' lang='grc' dir='ltr'><strong><em>ὀρθὸν</em></strong></span> <span class='ocrx_word' id='word_1_215' title='bbox 495 1633 635 1676; x_wconf 79' lang='grc' dir='ltr'><strong><em>οὗρίσαι,</em></strong></span> <span class='ocrx_word' id='word_1_216' title='bbox 654 1636 687 1666; x_wconf 90' lang='lat' dir='ltr'><strong>id</strong></span> <span class='ocrx_word' id='word_1_217' title='bbox 706 1641 738 1666; x_wconf 87' lang='lat' dir='ltr'><strong>et</strong></span> <span class='ocrx_word' id='word_1_218' title='bbox 757 1637 797 1667; x_wconf 91' lang='lat' dir='ltr'><strong>ad</strong></span> <span class='ocrx_word' id='word_1_219' title='bbox 817 1638 1076 1668; x_wconf 85' lang='lat' dir='ltr'><strong>constructionem</strong></span> <span class='ocrx_word' id='word_1_220' title='bbox 1095 1638 1259 1669; x_wconf 84' lang='lat' dir='ltr'><strong>verborum</strong></span> <span class='ocrx_word' id='word_1_221' title='bbox 1278 1638 1387 1669; x_wconf 89' lang='lat' dir='ltr'><strong>durius</strong></span> <span class='ocrx_word' id='word_1_222' title='bbox 1406 1643 1471 1676; x_wconf 89' lang='lat' dir='ltr'><strong>est,</strong></span> <span class='ocrx_word' id='word_1_223' title='bbox 1498 1646 1598 1677; x_wconf 83' lang='lat' dir='ltr'><strong>neque</strong></span> 
     </span>
     <span class='ocr_line' id='line_1_29' title="bbox 290 1683 1599 1723; baseline 0 -9"><span class='ocrx_word' id='word_1_224' title='bbox 290 1685 329 1714; x_wconf 88' lang='lat' dir='ltr'><strong>ad</strong></span> <span class='ocrx_word' id='word_1_225' title='bbox 358 1693 423 1715; x_wconf 90' lang='lat' dir='ltr'><strong>rem</strong></span> <span class='ocrx_word' id='word_1_226' title='bbox 452 1684 531 1714; x_wconf 90' lang='lat' dir='ltr'><strong>satis</strong></span> <span class='ocrx_word' id='word_1_227' title='bbox 561 1683 831 1714; x_wconf 86' lang='lat' dir='ltr'><strong>accommodatum.</strong></span> <span class='ocrx_word' id='word_1_228' title='bbox 878 1683 986 1723; x_wconf 83' lang='lat' dir='ltr'><strong>Neque</strong></span> <span class='ocrx_word' id='word_1_229' title='bbox 1014 1684 1095 1715; x_wconf 88' lang='lat' dir='ltr'><strong>enim</strong></span> <span class='ocrx_word' id='word_1_230' title='bbox 1124 1685 1250 1723; x_wconf 89' lang='lat' dir='ltr'><strong>optandi</strong></span> <span class='ocrx_word' id='word_1_231' title='bbox 1279 1684 1331 1716; x_wconf 85' lang='lat' dir='ltr'><strong>hie</strong></span> <span class='ocrx_word' id='word_1_232' title='bbox 1358 1684 1447 1715; x_wconf 87' lang='lat' dir='ltr'><strong>locus</strong></span> <span class='ocrx_word' id='word_1_233' title='bbox 1476 1684 1599 1714; x_wconf 85' lang='lat' dir='ltr'><strong>videtur</strong></span> 
     </span>
     <span class='ocr_line' id='line_1_30' title="bbox 290 1729 1597 1771; baseline 0 -10"><span class='ocrx_word' id='word_1_234' title='bbox 290 1740 380 1766; x_wconf 86' lang='lat' dir='ltr'><strong>esse,</strong></span> <span class='ocrx_word' id='word_1_235' title='bbox 398 1731 452 1762; x_wconf 91' lang='lat' dir='ltr'><strong>ubi</strong></span> <span class='ocrx_word' id='word_1_236' title='bbox 470 1731 621 1762; x_wconf 86' lang='lat' dir='ltr'><strong>rationem</strong></span> <span class='ocrx_word' id='word_1_237' title='bbox 640 1729 742 1760; x_wconf 84' lang='lat' dir='ltr'><strong>reddit</strong></span> <span class='ocrx_word' id='word_1_238' title='bbox 761 1730 890 1767; x_wconf 87' lang='lat' dir='ltr'><strong>chorus,</strong></span> <span class='ocrx_word' id='word_1_239' title='bbox 918 1740 1015 1771; x_wconf 89' lang='lat' dir='ltr'><strong>quare</strong></span> <span class='ocrx_word' id='word_1_240' title='bbox 1034 1741 1070 1762; x_wconf 83' lang='lat' dir='ltr'><strong>se</strong></span> <span class='ocrx_word' id='word_1_241' title='bbox 1088 1736 1181 1770; x_wconf 75' lang='lat' dir='ltr'><strong>neget</strong></span> <span class='ocrx_word' id='word_1_242' title='bbox 1199 1731 1310 1762; x_wconf 85' lang='lat' dir='ltr'><strong>mentis</strong></span> <span class='ocrx_word' id='word_1_243' title='bbox 1329 1735 1501 1770; x_wconf 84' lang='lat' dir='ltr'><strong>compotem</strong></span> <span class='ocrx_word' id='word_1_244' title='bbox 1520 1730 1597 1767; x_wconf 81' lang='lat' dir='ltr'><strong>sore,</strong></span> 
     </span>
     <span class='ocr_line' id='line_1_31' title="bbox 290 1776 1599 1816; baseline 0 -9"><span class='ocrx_word' id='word_1_245' title='bbox 290 1779 318 1808; x_wconf 88' lang='lat' dir='ltr'><strong>si</strong></span> <span class='ocrx_word' id='word_1_246' title='bbox 345 1776 456 1807; x_wconf 89' lang='lat' dir='ltr'><strong>salutis</strong></span> <span class='ocrx_word' id='word_1_247' title='bbox 482 1786 558 1807; x_wconf 87' lang='lat' dir='ltr'><strong>suae</strong></span> <span class='ocrx_word' id='word_1_248' title='bbox 585 1781 741 1806; x_wconf 89' lang='lat' dir='ltr'><strong>auctorem</strong></span> <span class='ocrx_word' id='word_1_249' title='bbox 768 1776 921 1815; x_wconf 88' lang='lat' dir='ltr'><strong>proditum</strong></span> <span class='ocrx_word' id='word_1_250' title='bbox 948 1783 1008 1808; x_wconf 88' lang='lat' dir='ltr'><strong>eat.</strong></span> <span class='ocrx_word' id='word_1_251' title='bbox 1048 1777 1176 1808; x_wconf 80' lang='lat' dir='ltr'><strong>Rectius</strong></span> <span class='ocrx_word' id='word_1_252' title='bbox 1201 1782 1284 1808; x_wconf 86' lang='lat' dir='ltr'><strong>certe</strong></span> <span class='ocrx_word' id='word_1_253' title='bbox 1312 1777 1465 1808; x_wconf 85' lang='lat' dir='ltr'><strong>sententia</strong></span> <span class='ocrx_word' id='word_1_254' title='bbox 1494 1786 1599 1816; x_wconf 86' lang='lat' dir='ltr'><strong>proce-</strong></span> 
     </span>
     <span class='ocr_line' id='line_1_32' title="bbox 290 1821 1601 1863; baseline 0 -9"><span class='ocrx_word' id='word_1_255' title='bbox 290 1825 394 1860; x_wconf 86' lang='lat' dir='ltr'><strong>deret,</strong></span> <span class='ocrx_word' id='word_1_256' title='bbox 421 1823 449 1852; x_wconf 86' lang='lat' dir='ltr'><strong>si</strong></span> <span class='ocrx_word' id='word_1_257' title='bbox 473 1822 533 1853; x_wconf 83' lang='lat' dir='ltr'><strong>hoc</strong></span> <span class='ocrx_word' id='word_1_258' title='bbox 559 1823 675 1853; x_wconf 87' lang='lat' dir='ltr'><strong>diceret</strong></span> <span class='ocrx_word' id='word_1_259' title='bbox 701 1821 834 1853; x_wconf 84' lang='lat' dir='ltr'><strong>chorus:</strong></span> <span class='ocrx_word' id='word_1_260' title='bbox 863 1823 929 1863; x_wconf 86' lang='lat' dir='ltr'><strong>qui</strong></span> <span class='ocrx_word' id='word_1_261' title='bbox 955 1828 992 1854; x_wconf 90' lang='lat' dir='ltr'><strong>et</strong></span> <span class='ocrx_word' id='word_1_262' title='bbox 1017 1828 1133 1854; x_wconf 83' lang='lat' dir='ltr'><strong>antea</strong></span> <span class='ocrx_word' id='word_1_263' title='bbox 1155 1829 1288 1855; x_wconf 88' lang='lat' dir='ltr'><strong>terrae</strong></span> <span class='ocrx_word' id='word_1_264' title='bbox 1307 1834 1411 1855; x_wconf 88' lang='lat' dir='ltr'><strong>meae</strong></span> <span class='ocrx_word' id='word_1_265' title='bbox 1431 1824 1601 1855; x_wconf 82' lang='lat' dir='ltr'><strong>salutem</strong></span> 
     </span>
     <span class='ocr_line' id='line_1_33' title="bbox 292 1869 1600 1911; baseline 0.002 -10"><span class='ocrx_word' id='word_1_266' title='bbox 292 1869 488 1905; x_wconf 76' lang='lat' dir='ltr'><strong>attulisti,</strong></span> <span class='ocrx_word' id='word_1_267' title='bbox 514 1875 550 1900; x_wconf 89' lang='lat' dir='ltr'><strong>et</strong></span> <span class='ocrx_word' id='word_1_268' title='bbox 576 1879 677 1901; x_wconf 86' lang='lat' dir='ltr'><strong>nnnc</strong></span> <span class='ocrx_word' id='word_1_269' title='bbox 703 1869 913 1908; x_wconf 86' lang='lat' dir='ltr'><strong>attuleris,</strong></span> <span class='ocrx_word' id='word_1_270' title='bbox 940 1870 972 1901; x_wconf 89' lang='lat' dir='ltr'><strong>si</strong></span> <span class='ocrx_word' id='word_1_271' title='bbox 998 1871 1141 1911; x_wconf 88' lang='lat' dir='ltr'><strong>possis.</strong></span> <span class='ocrx_word' id='word_1_272' title='bbox 1183 1871 1289 1911; x_wconf 85' lang='lat' dir='ltr'><strong>anue</strong></span> <span class='ocrx_word' id='word_1_273' title='bbox 1313 1872 1465 1903; x_wconf 83' lang='lat' dir='ltr'><strong>sententia</strong></span> <span class='ocrx_word' id='word_1_274' title='bbox 1488 1876 1524 1902; x_wconf 91' lang='lat' dir='ltr'><strong>ut</strong></span> <span class='ocrx_word' id='word_1_275' title='bbox 1547 1880 1600 1903; x_wconf 87' lang='lat' dir='ltr'><strong>ex-</strong></span> 
     </span>
     <span class='ocr_line' id='line_1_34' title="bbox 292 1914 1601 1957; baseline 0.002 -11"><span class='ocrx_word' id='word_1_276' title='bbox 292 1919 425 1954; x_wconf 79' lang='lat' dir='ltr'><strong>oriatur,</strong></span> <span class='ocrx_word' id='word_1_277' title='bbox 453 1915 530 1947; x_wconf 82' lang='lat' dir='ltr'><strong>nihil</strong></span> <span class='ocrx_word' id='word_1_278' title='bbox 549 1925 628 1955; x_wconf 85' lang='lat' dir='ltr'><strong>opus</strong></span> <span class='ocrx_word' id='word_1_279' title='bbox 647 1922 695 1948; x_wconf 85' lang='lat' dir='ltr'><strong>est</strong></span> <span class='ocrx_word' id='word_1_280' title='bbox 714 1917 775 1948; x_wconf 82' lang='lat' dir='ltr'><strong>nisi</strong></span> <span class='ocrx_word' id='word_1_281' title='bbox 794 1918 910 1949; x_wconf 84' lang='lat' dir='ltr'><strong>inserta</strong></span> <span class='ocrx_word' id='word_1_282' title='bbox 929 1918 1081 1957; x_wconf 83' lang='lat' dir='ltr'><strong>particula</strong></span> <span class='ocrx_word' id='word_1_283' title='bbox 1106 1915 1149 1949; x_wconf 79' lang='grc' dir='ltr'><strong>ἂν</strong></span> <span class='ocrx_word' id='word_1_284' title='bbox 1170 1917 1230 1949; x_wconf 87' lang='lat' dir='ltr'><strong>boc</strong></span> <span class='ocrx_word' id='word_1_285' title='bbox 1249 1919 1356 1950; x_wconf 87' lang='lat' dir='ltr'><strong>modo:</strong></span> <span class='ocrx_word' id='word_1_286' title='bbox 1382 1919 1482 1950; x_wconf 76' lang='grc' dir='ltr'><strong><em>τανῦν</em></strong></span> <span class='ocrx_word' id='word_1_287' title='bbox 1500 1914 1525 1949; x_wconf 74' lang='grc' dir='ltr'><strong>τ’</strong></span> <span class='ocrx_word' id='word_1_288' title='bbox 1548 1915 1601 1954; x_wconf 72' lang='grc' dir='ltr'><strong>ἄν,</strong></span> 
     </span>
    </p>
   </div>
  </div>
 </body>
</html>
