1759 2481
834 155 881 192 35

767 205 948 213 —-—-..-

201 265 330 304 primum
356 263 630 299 audientibuffist
648 267 804 303 >usurpata
829 267 954 296 exstant
977 262 1009 294 in
1036 261 1115 294 Oed.
1142 262 1209 294 col.
1235 272 1265 292 v.
1298 262 1361 294 135.
1389 261 1427 294 ὃν
1453 263 1509 301 ἐγὼ

201 308 339 342 λεύσσων
358 313 430 350 περὶ
449 310 516 338 πᾶν
535 305 624 338 οὔπω
644 305 779 348 δύναμαι
796 310 922 349 τέμενᾳς
940 309 1057 346 γνῶναι
1079 310 1143 339 ποῦ
1168 311 1224 348 μοί
1248 320 1326 340 ποτε
1351 312 1433 340 ναίει
1438 332 1451 346 ,
1477 316 1512 341 ut

202 367 315 389 sensus
341 358 400 388 sit:
431 355 699 395 circumspiciens,
728 356 781 387 ubi
808 356 960 387 inveniret
984 364 1115 396 aquam,
1146 357 1204 387 iter
1229 357 1269 386 ad
1295 365 1363 387 eam
1389 366 1511 396 semper

202 405 369 446 dirigebatz
399 407 526 442 apparet
554 403 657 442 inepte
686 403 717 433 id
743 403 782 433 de
809 402 978 434 Philocteta
1004 403 1081 441 dici,
1112 403 1165 443 qui
1196 403 1286 434 annis
1313 403 1418 434 decem
1448 404 1509 433 iam

201 452 320 491 pridem
340 450 480 481 debuerit
505 455 649 488 expertus
674 459 764 487 esse,
789 450 843 480 ubi
863 450 1003 489 proxima
1021 455 1105 480 esset
1124 451 1258 490 aquatio.
1299 450 1405 490 ltaque
1424 450 1510 480 Mus-

200 498 328 539 gravius
336 512 349 534 ,=
374 507 465 537 quam
490 496 542 527 hie
566 496 629 527 vim
654 496 781 527 haberet
806 493 946 526 λεύσσων
970 505 1006 528 se
1031 506 1093 527 non
1119 497 1289 536 intelligere
1318 496 1423 528 fassus
1429 518 1443 533 ,
1470 506 1512 527 an

201 544 396 577 smibendum
423 548 507 574 esset
536 539 663 584 λάψων,
689 543 859 574 dubitabat.
881 542 1094 574 ·H‘ermannus
1122 543 1156 573 in
1182 543 1241 578 ed.
1262 544 1285 574 l.
1312 560 1351 567 —-
1380 553 1451 574 nam
1478 544 1511 574 in

202 592 300 623 altera
324 590 401 621 nihil
420 591 459 621 de
477 589 536 621 hac
554 598 589 620 re
609 589 715 620 definit
735 606 772 627 ε-
791 591 837 621 ita
855 588 932 620 haec
951 590 1047 620 verba
1066 590 1340 630 interpretabatur:
1369 590 1512 621 »intuens

202 640 236 669 in
255 642 447 678 stagnantem
466 645 594 677 aquam,
623 637 676 667 ubi
695 636 770 676 quid
789 636 858 667 eius
876 642 1014 672 nosset‚·=
1041 637 1072 667 id
1093 641 1128 667 ut
1146 636 1291 667 desiderii
1317 637 1512 668 describendi

203 694 300 716 causa
318 685 432 714 dictum
451 688 546 717 esset,
566 683 820 721 quemadmodum
838 682 1009 713 soleremus
1028 682 1141 712 intueri
1162 683 1194 712 in
1214 682 1304 718 illud,
1326 682 1409 713 unde
1429 682 1512 712 salu-

200 736 262 762 tem
280 735 311 762 et
329 728 518 769 praesidium
538 724 743 766 speraremus.
782 728 822 759 Et
840 728 984 759 similiter
1004 727 1197 760 Wunderus:
1219 728 1330 763 „Quod
1349 729 1509 766 intuitus«

204 778 266 813 ait,
293 777 346 807 nin
364 784 474 815 aquam
494 775 578 805 illam
598 775 725 813 dicitur,
753 784 792 806 ea
810 784 845 807 re
863 784 945 815 aqua
964 774 1067 813 illum,
1094 774 1187 806 sicuti
1213 773 1293 805 alios
1311 775 1403 813 vino,
1431 775 1513 806 dele·

204 828 319 855 ctatum
339 828 370 854 et
386 822 529 862 gavisum
549 831 621 853 esse
638 821 859 862 significatum«
898 821 994 863 Quae*
1005 831 1116 853 vereor
1133 827 1170 852 ut
1187 823 1265 853 satis
1285 823 1514 864 accommodate

202 871 286 901 dicta
310 870 374 900 sint
399 869 438 899 ad
464 869 622 899 veritatem
647 873 785 899 naturae.
824 868 944 901 Natura
964 869 1046 900 enim
1072 868 1116 898 ita
1134 867 1209 905 fert,
1237 873 1271 899 ut
1289 873 1355 899 tum
1374 869 1513 899 obtutum

203 919 236 947 in
261 925 344 957 aqua
369 915 519 955 figamus,
546 925 640 955 quum
665 915 783 946 ardenti
811 915 864 945 siti
891 915 1019 955 cruciati
1047 914 1263 954 prohibeamur
1291 925 1311 946 a
1340 920 1417 955 potu
1442 920 1514 946 ante

203 964 311 994 oculos
329 962 441 1001 posito.
480 961 524 991 Ut
548 961 661 1000 igitur,
686 961 716 991 si
742 960 863 996 Tantali
888 961 1087 1000 poenas,tibi
1113 961 1333 992 describendas
1353 962 1514 998 sumseris,

203 1013 288 1041 recte
312 1012 457 1051 apteque
470 1016 542 1038 eum
566 1006 599 1037 in
626 1006 739 1037 undam
763 1004 902 1046 refugam
932 1007 1044 1039 intueri
1073 1007 1174 1044 dices,
1207 1008 1250 1038 ita
1279 1008 1382 1047 inepte
1412 1007 1514 1038 Philo-

203 1061 299 1088 ctetes
319 1053 471 1086 dioeretu‘r
490 1054 522 1085 in
542 1063 653 1093 aquam
672 1053 794 1091 intueri,
814 1053 854 1084 ad
874 1062 967 1093 quam
986 1059 1094 1095 potare
1112 1053 1229 1085 volenti
1248 1063 1370 1095 semper
1387 1055 1514 1094 patebat

203 1103 316 1134 aditus.
764 1130 767 1133 .

297 1148 387 1182 Quae
416 1155 511 1185 quum
541 1145 586 1175 ita
614 1145 696 1181 sint,
730 1145 911 1185 Musgravio
940 1146 1096 1175 assentior
1127 1146 1204 1176 vitio
1237 1145 1377 1176 affectam
1404 1155 1515 1178 vocem

203 1191 344 1225 λεύσσων
369 1192 534 1229 iudicanti,
559 1190 619 1221 nisi
646 1190 727 1231 quod
754 1190 834 1221 male
858 1192 967 1231 reponi
992 1191 1116 1222 volebat
1134 1189 1270 1233 λάψων,’
1291 1203 1370 1237 quae
1394 1203 1460 1224 vox
1484 1199 1517 1225 et

204 1241 328 1281 longius
353 1249 373 1271 a
397 1240 486 1270 libris
512 1238 645 1274 recedit,
669 1246 770 1277 neque
796 1239 1026 1270 accommodata
1050 1243 1099 1269 est
1118 1239 1292 1282 condicioni
1311 1239 1514 1276 Philoctetae,

204 1288 255 1318 cui
274 1287 395 1317 dicatur
414 1285 525 1325 hydria
544 1284 647 1324 lignea
665 1283 706 1314 ud
726 1293 849 1314 manum
868 1293 939 1314 esse
964 1294 996 1315 v.
1014 1285 1064 1316 35.
1084 1289 1116 1316 et
1133 1285 1202 1315 292.
1244 1284 1377 1324 Propius
1401 1295 1423 1316 a
1447 1287 1515 1317 vul-

206 1338 281 1374 gata
305 1333 394 1363 abest
426 1331 599 1372 meliusque
624 1330 796 1362 sententiae
822 1331 966 1362 convenit
989 1328 1116 1367 λευκὸν,
1144 1330 1282 1362 solemne
1310 1331 1388 1363 illud
1416 1342 1516 1373 aquae

204 1380 359 1421 epitheton
385 1379 495 1417 (Hom.
521 1378 609 1409 lliad.
635 1384 677 1419 ψ,
702 1377 771 1410 282.
803 1377 862 1408 Od.
887 1388 912 1415 ε,
938 1379 987 1408 70.
1017 1377 1142 1408 Hesiod-
1165 1377 1223 1417 Op.
1249 1387 1280 1408 v.
1301 1377 1369 1409 739.
1400 1379 1515 1411 Aeson.

207 1426 314 1466 Suppl.
333 1435 367 1456 v.
385 1425 436 1456 23.
461 1425 569 1463 Eur-ip.
589 1423 696 1455 Helen.
717 1432 748 1454 v.
770 1423 855 1455 1336.
875 1424 923 1454 ed.
945 1423 1037 1453 Dind.
1058 1423 1154 1454 Herc..
1168 1423 1228 1454 fur.
1247 1432 1278 1454 v.
1298 1424 1367 1455 573.
1393 1423 1516 1456 Gallim.

205 1473 270 1503 lov.
294 1482 325 1502 v.
346 1471 429 1511 19.),
454 1471 538 1511 quod
564 1479 656 1511 quam
681 1474 753 1509 apte
777 1478 798 1500 a
822 1473 915 1509 poeta
937 1473 970 1499 et
994 1468 1146 1507 delectum
1171 1469 1214 1499 sit
1237 1469 1278 1500 ad
1303 1479 1415 1512 aquam
1440 1471 1514 1502 vino

206 1519 438 1560 opponendam,
462 1518 569 1549 vinnm
588 1517 671 1548 enim
689 1516 788 1556 μέλαν
813 1516 924 1548 dieitur
944 1516 1092 1554 Graecis,
1116 1521 1148 1548 et
1172 1517 1205 1547 in
1230 1517 1318 1548 initio
1344 1518 1515 1550 sententiae

206 1566 388 1605 eolloeatum
407 1565 447 1596 ad
467 1565 637 1597 acuendam
657 1564 841 1602 antithesin,
863 1572 954 1594 nemo
973 1573 1036 1594 non
1056 1564 1177 1594 sentiet.
1217 1563 1375 1596 Librarius
1392 1565 1516 1597 videtur

206 1613 357 1645 fefellisse
375 1612 482 1642 literae
501 1623 519 1641 κ
537 1612 649 1642 ductus
666 1611 829 1648 rotundior
846 1616 878 1641 et
896 1610 1035 1641 nonnihil
1055 1611 1177 1642 distans
1189 1612 1229 1642 ab
1247 1621 1286 1643 eo
1304 1611 1416 1642 lineola
1428 1612 1516 1651 prior

205 1661 267 1693 hoc
284 1659 376 1691 modo
396 1658 443 1690 10
467 1658 547 1699 (vid.
567 1658 654 1689 Bast.
676 1657 793 1689 Comm.
813 1657 972 1699 Palaeogr.
992 1668 1023 1698 p.
1044 1657 1148 1698 mu),
1174 1668 1254 1699 quae
1279 1658 1392 1690 lineola
1410 1658 1439 1689 si
1460 1668 1516 1690 va-

207 1708 331 1739 cillante
350 1706 468 1738 calamo
487 1705 625 1746 paullum
644 1706 807 1736 incurvata
824 1710 902 1742 erat,
921 1706 991 1745 ipsa
1008 1706 1195 1747 nascebatur
1213 1706 1356 1745 geminati
1377 1715 1398 1736 σ
1415 1705 1516 1737 forma

209 1756 272 1787 CC'.
314 1753 423 1785 Totum
443 1754 538 1794 igitur
556 1753 658 1783 locum
679 1753 725 1783 sie
743 1757 819 1791 puto
837 1752 1061 1783 restituendum
1081 1748 1184 1783 esse:⁴

394 1799 502 1831 λευκὸν
521 1796 551 1830 δ’
575 1798 655 1830 ὅπου
675 1801 761 1839 γνυῖη
781 1797 884 1830 πάτον
903 1799 947 1834 εἰς
965 1797 1047 1839 ὕδωρ

394 1844 446 1877 ἀεὶ
464 1845 664 1887 neos-ewino,

209 1896 241 1925 id
267 1901 335 1925 est:
362 1894 549 1934 liquidam
576 1899 721 1929 autem,
748 1894 814 1923 ubi
840 1898 997 1928 nosset,
1026 1892 1101 1922 iter
1126 1891 1172 1921 ad
1196 1900 1335 1933 pquam
1361 1900 1513 1930 semper

209 1941 417 1981 dirigebat.

676 2000 686 2002 ,
702 1998 1046 2003 --„..-....--.--—
1280 1983 1327 2014 5*
