1759 2481
827 168 874 205 39

384 273 447 315 ἥκει
466 274 523 315 γὰρ
542 272 621 313 αὕτη
640 272 695 304 διὰ
713 271 846 315 χρόνον,
863 270 998 309 πλάνοις
1016 273 1090 308 ἴσως

384 318 425 357 ὦς
444 319 616 361 ἑξεπλῆσθη
636 321 730 363 φλέψ.
750 321 825 352 ΝΕ.
844 319 881 351 ἰοὶ
902 318 1033 361 δύστηνε
1053 319 1102 351 σύ.

197 378 363 409 vocemque
383 367 524 405 πλάνοις,
545 369 626 399 sicut
644 377 724 407 opus
742 373 792 400 est
809 368 842 398 in
860 367 920 399 hac
931 368 1097 398 verborum
1116 368 1343 406 coniunctione,
1357 369 1503 408 quoniam

195 416 228 446 in
247 425 358 446 venam
377 424 440 445 non
462 415 576 446 cadunt
594 424 732 452 errores,
760 414 800 445 de
824 414 923 454 ipsius
941 414 1130 446 Philoctetae
1155 415 1314 446 erroribus
1333 416 1503 456 acceperis,

195 462 308 502 quibus
328 461 473 497 venandi,
493 461 638 501 aquandi,
657 461 794 501 lignandi
813 469 910 493 cansa
927 462 1127 492 eumcircmn
1140 466 1261 493 anu-um
1275 462 1384 501 vagari
1402 462 1503 493 solere

195 518 290 548 supra
302 508 475 538 audivimus
488 517 517 537 v.
533 508 601 539 28⁷.
622 516 724 547 seqq.:
745 508 849 537 omnia
861 507 922 537 iam
941 507 1035 546 plana
1052 513 1193 539 eruntne
1205 508 1382 548 perspicue,
1401 517 1502 548 neque

196 555 363 595 quidquam
388 558 443 585 aut
466 554 498 583 in
524 553 629 584 verbis
661 553 799 584 insolens
825 557 880 583 aut
907 553 949 583 ad
977 562 1043 585 rem
1072 553 1205 586 otiosum
1234 554 1397 586 videbitur.
1438 555 1504 585 Hoc

194 601 275 633 enim
301 601 376 632 dicit
401 600 602 632 Philoctetes:
643 600 696 632 Ne
721 609 777 631 me
807 595 1024 641 extens-itus
1054 600 1245 639 desei-itm
1271 602 1376 632 redit
1401 603 1502 633 enim

194 648 259 679 hic
284 654 420 679 aestus
446 648 579 687 longis
604 656 757 686 semper
787 647 1039 685 intervallis,
1070 657 1091 678 a
1115 648 1294 688 vagando
1325 647 1503 679 fortasse

195 699 236 724 ut
261 693 420 734 expleta
445 700 506 725 est
531 702 638 724 vena.
679 692 770 728 Quod
795 693 942 733 patet‘nd
969 693 1134 726 levandum
1155 693 1345 734 Neoptolemi
1365 694 1503 726 timorem

194 741 309 771 dictum
329 749 409 772 esse.
449 740 527 771 Nam
546 741 574 770 si
600 745 671 779 post
695 740 821 780 longum
839 740 987 779 temporis
1004 741 1137 781 spatium
1157 740 1282 771 dolores
1304 741 1405 773 redire
1423 743 1503 773 sole-

195 788 279 822 bant,
304 796 369 817 non
392 792 460 817 erat
485 787 696 824 metuendum,
728 795 767 817 ne
792 786 872 817 inter
898 787 1024 817 brevem
1049 787 1137 818 illum
1162 782 1274 826 ἦμέρας
1298 784 1423 825 μόχθον
1446 786 1503 824 οὐχ

194 831 264 871 ὅλης
282 833 354 870 μιᾶς
372 833 417 872 (v.
432 833 518 873 480.)
538 833 683 869 redirent,
702 833 774 863 etsi
793 832 889 864 multa
906 834 1079 873 gestatione
1090 842 1149 874 pes
1167 843 1339 864 concussus
1357 834 1429 865 illos
1448 835 1503 865 do-

193 880 277 910 lores
302 880 444 916 meabat,
470 889 543 920 spes
567 884 651 916 erat,
677 880 706 910 si
732 879 821 920 quies
846 879 916 919 pedi
935 885 1063 920 aegroto
1082 880 1291 911 ministrorum
1316 889 1412 921 open
1431 890 1503 912 con-

195 935 286 957 cessa
310 931 413 963 esset,
438 926 506 957 fore
530 931 566 957 nt
590 935 653 957 non
678 935 814 965 unquam
836 926 982 957 redirent.
1021 927 1124 967 Atque
1153 927 1381 964 animadvoete,
1409 937 1504 968 quam

193 972 423 1004 accommodate
448 972 490 1003 ad
517 972 577 1004 hoc
601 970 789 1004 Philoctetae
818 972 932 1004 dictum
960 973 1145 1013 respondeat
1169 973 1400 1014 Neoptolemus.
1441 973 1505 1008 Qui

194 1027 288 1060 quum
317 1024 409 1050 antea
436 1020 583 1050 universe
612 1018 812 1051 Philoctetam
839 1019 1075 1059 interrogasset:
1100 1022 1133 1050 τί
1157 1020 1237 1059 δῆτα
1262 1017 1382 1060 ὁρώσαις
1407 1029 1503 1057 nunc,

193 1066 245 1097 ubi
265 1075 305 1097 ex
324 1066 418 1097 nimia
436 1066 526 1106 pedis
544 1066 745 1106 quassatione
761 1066 858 1106 repeti
872 1075 998 1097 causam
1011 1066 1151 1098 dolorum
1169 1066 1277 1105 audiit,
1293 1067 1400 1107 paucis
1419 1076 1502 1098 com-

194 1114 371 1149 miseratus,
396 1112 478 1143 sicut
502 1112 641 1149 decebat,
667 1112 869 1143 calamitatem
894 1112 974 1150 eius,
995 1113 1055 1143 iam
1075 1113 1230 1145 definitius
1255 1118 1356 1154 rogat,
1375 1123 1501 1154 operam

193 1162 222 1191 ei
242 1170 332 1191 suam
351 1159 390 1190 ad
411 1159 634 1190 sublevandum
653 1168 768 1198 corpus
792 1158 941 1190 offerens:
965 1156 1068 1197 βούλει
1092 1157 1231 1199 λάβωμαι
1255 1160 1333 1199 δῆτα
1352 1163 1403 1191 καὶ
1423 1163 1503 1199 θίγω

193 1209 226 1237 τί
243 1215 318 1241 <rom

285 1251 390 1282 Unum
408 1255 561 1290 superest,
581 1255 616 1281 ut
635 1250 786 1282 Wunderi
805 1251 845 1282 de
864 1249 1006 1281 hocloco
1019 1250 1262 1282 dubitationibus
1281 1252 1359 1282 satis
1377 1251 1502 1289 faciam,

193 1299 246 1339 qui
265 1299 299 1329 in
317 1298 367 1329 ed.
382 1297 419 1329 11.
438 1299 556 1337 negans
569 1298 696 1328 verbum
715 1295 779 1337 ἥκει
796 1297 882 1328 aliud
900 1296 1077 1338 significare
1095 1306 1202 1337 posse,
1221 1298 1283 1329 nisi
1302 1299 1413 1329 venit
1431 1300 1451 1331 i.
1472 1309 1501 1331 e.

193 1346 323 1381 adest,
342 1344 518 1376 huiusmodi
538 1346 612 1385 quid
630 1345 809 1384 suspicatur
826 1354 846 1375 a
864 1349 955 1385 poeta
973 1344 1122 1384 scriptum
1133 1343 1243 1383 fuisse,
1258 1349 1292 1376 ut
1304 1354 1418 1377 sensus
1436 1346 1502 1379 fere

191 1394 242 1424 hic
261 1397 361 1423 esset:
378 1391 495 1422 adest
513 1392 613 1422 enim
634 1397 721 1431 post
746 1391 902 1432 longum
922 1396 1072 1430 tempus
1091 1396 1129 1421 et
1148 1400 1233 1422 mox
1255 1400 1396 1423 rursus
1415 1392 1498 1423 dis—

193 1439 316 1471 cedet.
367 1438 409 1468 At
439 1447 540 1479 neque
566 1439 627 1469 tale
653 1438 840 1470 Philoctetae
864 1438 979 1469 dictum
1010 1446 1080 1468 cum
1104 1437 1296 1478 Neoptolemi
1321 1440 1501 1470 conveniret

192 1494 343 1527 sesponso
370 1485 659 1521 commiserationis,
684 1494 748 1515 non
767 1484 1000 1522 consolationis,
1021 1489 1056 1515 ut
1074 1484 1296 1525 expectandum
1323 1490 1419 1522 esset,
1437 1486 1501 1526 ple-

191 1531 336 1568 nissimo,
362 1539 463 1572 neque
488 1532 573 1563 istud
600 1531 640 1563 de
664 1532 752 1563 verbi
777 1529 861 1571 ἥκειν
884 1531 917 1562 vi
943 1535 1139 1571 praeceptum
1164 1531 1208 1562 ita
1233 1531 1273 1561 ab
1298 1538 1359 1561 usu
1378 1531 1501 1563 dicendi

193 1578 410 1615 confirmatur,
435 1583 470 1609 ut
494 1588 556 1609 non
581 1578 699 1618 passim
723 1578 816 1610 etiam
841 1578 882 1609 de
905 1578 1128 1610 consuetudine
1153 1578 1296 1609 veniendi
1322 1578 1354 1608 id
1374 1579 1501 1609 verbum

192 1629 374 1666 usurpatum
401 1630 552 1656 occurrat.
592 1624 648 1656 Sic
678 1624 801 1657 Platoni
834 1628 941 1665 aperte
969 1624 1125 1664 significat
1155 1625 1301 1656 adesse
1330 1625 1435 1655 solet
1465 1627 1499 1656 in

192 1672 299 1712 Symp.
318 1681 350 1711 p.
364 1671 434 1703 188.
451 1671 490 1701 Δ.
511 1670 640 1701 ἐπειδᾶν
658 1673 717 1709 μὲν
735 1670 813 1711 πρὸς
831 1668 948 1710 ἄλληλα
965 1671 1023 1701 τοῦ
1041 1672 1171 1709 κοσμίου
1189 1669 1265 1714 τύχῃ
1286 1669 1394 1710 ἔρωτος
1407 1668 1430 1701 ἃ
1443 1672 1502 1702 νῦν

191 1718 227 1758 δὴ
248 1716 304 1756 &rui
325 1717 428 1756 ἔλεγον
447 1735 460 1741 -
480 1735 492 1741 -
512 1735 537 1754 -,
555 1715 575 1758 ἢ
581 1728 638 1748 κει
657 1719 794 1759 φέροντα
820 1713 981 1759 εὐετηρίαν
1005 1720 1058 1748 καὶ
1076 1713 1205 1756 ὗγίειαν.
1245 1717 1284 1749 Et
1303 1717 1501 1759 Xenophonti

189 1766 223 1796 in
250 1765 366 1797 Oecon.
391 1765 485 1802 xxi,
510 1765 540 1797 3.
568 1763 646 1796 ὅταν
668 1765 854 1803 nal-armon
874 1781 887 1788 -
906 1782 919 1789 -
939 1782 969 1802 -,
988 1764 1023 1796 οἱ
1044 1767 1103 1804 μὲν
1128 1764 1283 1805 ἱδροῦντες
1306 1782 1318 1788 -
1339 1782 1351 1788 ·
1371 1783 1383 1790 ·
1403 1764 1501 1805 ἐκβαῖ-

193 1821 311 1850 νουων,
332 1811 366 1843 οἱ
382 1812 417 1843 δὲ
435 1808 582 1853 vindecet-2
600 1809 621 1851 ἧ
626 1822 691 1843 κου
699 1820 748 1843 σι.
