1759 2481
37 1105 52 1196 “zeus-⁴..
41 1075 44 1078 ·
46 1050 50 1061 ,«
40 1000 53 1025 2³
48 913 59 935 ῃ.
47 871 58 899 ψ’,
49 845 52 851 ⁷
49 824 52 832 -
52 806 55 812 ,
52 716 54 719 ,
45 648 59 680 ,,,·
47 570 62 626 *us-n*
49 512 60 529 ,v
34 474 42 480 ¹

34 1299 53 1508 *vm-‘ozan
36 1286 51 1293 ’,
38 1258 40 1260 ⁴

35 1536 50 1819 κωᾳμηιωνμῄο.»

801 155 984 209 -Ῑὲ-

626 263 802 310 Antis.
826 272 870 302 v.
893 260 1045 302 1:301.
1069 270 1173 307 sen.

427 353 471 385 ‘H
487 351 517 384 δ’
540 351 707 393 ὄξύθηκτος
726 352 780 395 ἥδε
797 356 898 393 βωμία
917 355 1005 394 πέριξ

431 400 496 432 λύει
523 400 651 432 κελαινὰ
675 402 830 442 βλέφαρα,
856 398 1021 432 κωκύσασα
1045 402 1103 440 μέν
1128 405 1187 432 etc.

338 488 371 517 ln
392 486 485 526 priori
505 486 613 516 horum
632 496 779 517 versuum
800 486 909 516 merito
929 485 1096 516 haeserunt
1114 486 1305 525 interpretes.
1346 485 1378 515 ln
1400 486 1551 525 principio

245 535 348 565 statim
373 543 485 564 versus
511 533 601 563 valde
627 535 756 563 molesta
782 537 830 563 est
849 532 1046 562 adversativa
1067 532 1216 571 particula
1235 532 1278 569 δέ,
1302 542 1362 573 qua
1382 533 1432 563 cui
1455 542 1552 572 oppo-

244 587 335 611 natur
353 581 508 620 Eurydice
528 580 582 618 (de
602 589 641 609 ea
660 581 740 609 enim
763 580 896 610 nuncius
915 579 1078 618 loquitur),
1099 578 1181 609 haud
1202 578 1292 610 facile
1311 580 1438 617 dixeris,
1458 589 1551 619 quum

243 628 296 663 iis,
321 636 401 667 quae
427 627 568 666 proxime
592 626 793 663 antecedunt,
821 626 927 656 verbis
953 626 1089 657 eiusdem
1115 625 1286 665 Eurydices
1306 633 1433 656 mortem
1452 626 1553 657 Creon

245 678 459 714 conqueratur.
500 673 590 708 Quod
622 678 722 703 antem
752 673 870 713 antiqui
900 673 1024 703 codices
1048 672 1179 709 habent,
1207 669 1257 711 ἥδ’
1290 669 1473 712 ὃξῦθηκτος,
1501 671 1553 712 ἥδε

242 723 359 760 βωμία,
378 721 409 750 id
430 720 554 759 quidem
573 729 702 759 prorsus
722 720 890 750 absurdum
910 724 967 750 est.
1008 720 1129 750 Deinde
1148 719 1230 759 quod
1250 719 1395 759 deinceps
1413 720 1554 760 seqnitur

244 764 429 805 ὄξύθηπος,
450 776 512 796 non
531 776 625 805 posse
645 767 770 805 proprio
789 766 945 805 solitoque
964 766 1156 805 significatu,
1178 775 1239 805 quo
1259 765 1350 796 valde
1369 771 1492 797 acutum
1511 766 1553 795 si-

245 813 387 853 gnificat,
408 813 506 851 accipi
527 822 581 851 per
601 822 636 843 se
655 817 747 852 patet.
789 813 972 852 Interpretes
992 813 1045 843 alii
1066 817 1158 843 acuto
1178 811 1260 842 ferro
1280 822 1477 851 percussam,
1500 812 1553 842 alii

243 859 440 891 furibundam
462 860 522 890 dici
542 860 717 898 Eurydicen
737 860 912 899 opinantur.
954 859 1015 894 Qui
1042 859 1137 896 illud,
1162 858 1353 890 confundunt
1379 859 1554 890 diversissi-

245 916 313 937 mas
332 907 411 936 inter
431 915 466 936 se
485 907 643 943 notiones,
671 906 779 945 quales
799 912 871 937 sunt
889 912 1011 937 acutum
1031 912 1062 937 et
1081 915 1279 945 percussum,
1308 907 1360 945 qui
1383 907 1459 944 hoc,
1487 916 1554 936 cor-

245 958 391 992 rumpunt
411 953 603 984 sententiam.
642 953 712 983 Non
732 953 813 983 enim
832 958 914 984 recte
940 953 1103 984 cohaerent
1129 952 1227 983 haec:
1254 952 1420 983 furibunda
1446 952 1554 983 oculos

245 999 379 1035 claudit,
405 1001 478 1039 quia
497 999 653 1030 furibundi
674 1000 777 1039 potins
796 1005 844 1030 est
863 1000 922 1030 sibi
942 1000 1005 1031 vim
1027 999 1159 1036 inferre,
1185 1005 1293 1040 quam,
1321 1005 1483 1040 postquam
1510 1000 1554 1029 in·

246 1046 364 1083 tulerit,
392 1046 500 1076 oculos
520 1052 617 1076 morte
637 1047 790 1077 claudere.
832 1046 1003 1078 Insolenter
1022 1048 1154 1087 deniqne
1173 1051 1204 1077 et
1223 1047 1277 1077 vix
1298 1046 1416 1077 Graece
1439 1046 1553 1077 dictum

244 1098 292 1122 est
310 1094 409 1131 βωμία
429 1092 517 1131 πέριξ
535 1092 590 1130 pro
610 1089 804 1130 περιβῶμιος.

339 1146 398 1176 His
424 1146 463 1174 de
489 1146 594 1174 causis
620 1145 659 1174 iis
686 1146 856 1182 assentior,
885 1147 937 1185 qui
957 1147 1111 1175 turbatum
1131 1147 1247 1186 aliquid
1266 1147 1298 1176 in
1318 1146 1379 1177 hoe
1397 1155 1491 1176 versu
1510 1147 1555 1177 iu-

248 1193 360 1222 dicant.
401 1191 492 1225 Quod
518 1196 619 1220 autem
645 1191 738 1221 latius
764 1191 855 1221 etiam
876 1193 1029 1230 serpsisse
1048 1193 1156 1222 vitium
1177 1202 1349 1232 versusque
1371 1193 1466 1223 unius
1485 1198 1557 1231 post

247 1239 330 1269 hunc
348 1238 496 1268 iacturam
515 1236 627 1268 factam
653 1246 725 1268 esse
751 1237 944 1276 existimant,
972 1238 1005 1268 id
1029 1247 1129 1279 neque
1154 1249 1194 1270 ex
1218 1238 1439 1279 antistrophica
1462 1238 1555 1270 huius

248 1286 392 1317 carminis
410 1286 529 1316 ratione
548 1285 758 1324 consequitur,
777 1291 910 1324 possunt
928 1287 1009 1316 enim
1023 1286 1055 1316 hi
1074 1295 1186 1317 versus
1202 1296 1258 1326 pro
1279 1287 1405 1317 mesodo
1425 1287 1556 1317 duorum

248 1337 447 1372 systematum
468 1331 690 1370 strophicorum
710 1331 832 1368 haberi,
852 1341 952 1371 neque
971 1341 1010 1362 ex
1029 1341 1085 1367 eo,
1106 1333 1189 1371 quod
1208 1342 1337 1363 maneus
1357 1333 1479 1363 videtur
1497 1333 1556 1364 hac

247 1384 352 1409 textus
377 1378 595 1409 constitutione
621 1386 734 1408 sensus
759 1378 908 1415 existere,
935 1378 1037 1418 colligi
1058 1379 1146 1416 lieet,
1174 1384 1275 1418 potest
1301 1380 1383 1410 enim
1410 1380 1495 1416 fieri,
1521 1385 1556 1410 ut

249 1425 385 1464 genuina
403 1425 556 1463 scriptura
572 1424 715 1454 restituta
733 1424 808 1455 nihil
827 1425 866 1455 ad
886 1425 1007 1463 plenam
1027 1426 1236 1464 integramque
1249 1427 1431 1456 sententiam
1445 1427 1555 1457 deesse

249 1471 401 1500 videatur.
442 1470 536 1509 ldque
556 1479 614 1508 ego
633 1470 784 1508 probabili
802 1471 981 1506 coniectura
999 1476 1160 1510 praestare
1178 1480 1227 1501 me
1245 1481 1339 1510 posse
1358 1472 1492 1502 confido.

341 1516 461 1546 Etenim
473 1517 583 1547 videor
592 1516 666 1547 mihi
675 1516 828 1556 reperisse
837 1517 946 1548 mirum
965 1517 1043 1548 illud
1056 1519 1144 1559 πέριξ
1162 1517 1239 1548 nihil
1258 1527 1329 1549 esse
1348 1519 1409 1549 nisi
1428 1528 1556 1558 praepo·

249 1563 391 1594 sitionem
404 1565 475 1603 περὶ
488 1568 518 1593 et
531 1563 678 1603 reliquias
698 1564 842 1595 vocabuli
863 1565 896 1595 in
915 1565 1018 1596 attrito
1031 1564 1110 1596 sorte
1122 1564 1246 1596 chartae
1259 1566 1396 1605 margine
1408 1566 1555 1597 mutilati:

249 1612 342 1649 ξίφει.
369 1610 436 1640 Hoc
448 1610 571 1640 invento
587 1610 648 1640 iam
662 1609 753 1641 facile
762 1612 856 1642 estin
867 1612 987 1652 reliquo
1001 1622 1096 1644 versu
1108 1617 1139 1643 et
1152 1616 1260 1652 poetae
1273 1622 1395 1642 manum
1407 1613 1555 1651 indagare

252 1662 283 1686 et
301 1656 492 1687 librariorum
511 1661 650 1686 veterum
669 1665 791 1688 errores
812 1659 995 1699 perspicere.
1036 1659 1219 1699 Scripserat,
1240 1665 1275 1689 ut
1293 1659 1424 1695 videtur,
1444 1666 1555 1698 poetaz

438 1699 488 1740 ἥδ’
513 1699 670 1743 ὀξυθήκτῳ
688 1706 789 1743 βωμία
807 1708 880 1745 περὶ
898 1708 981 1746 ξίφει

438 1746 502 1779 λύει
521 1748 647 1779 κελαινὰ
665 1750 802 1790 βλέφαρα
819 1756 878 1782 etc.

252 1795 374 1832 Haeo,
399 1796 443 1826 ait
467 1796 601 1826 nuncius
626 1797 676 1827 vel
704 1796 799 1837 digito
825 1804 1003 1830 monstrans
1027 1799 1077 1830 vel
1102 1798 1226 1838 propius
1251 1806 1346 1837 quum
1366 1797 1499 1828 accessit
1515 1797 1555 1827 ad

252 1852 367 1882 eorpus
395 1848 533 1874 mortuae
566 1844 599 1873 in
630 1853 686 1874 ara
718 1846 869 1884 positum,
903 1846 999 1876 haec
1030 1850 1144 1876 acuto
1177 1849 1371 1883 percussa
1403 1846 1441 1875 in
1472 1845 1556 1875 aris

252 1889 387 1927 gladio
407 1890 478 1919 sub
501 1894 586 1920 atra
604 1895 719 1920 nocte
738 1892 919 1922 natantia
938 1892 1064 1921 solvit
1083 1891 1238 1920 lumina.
1279 1890 1410 1921 Librarii
1431 1891 1555 1921 nomine

253 1943 312 1964 suo
342 1935 519 1966 destitutum
549 1936 732 1967 adiectivum
761 1933 917 1976 ὀξυθήκτῳ
947 1937 986 1967 ad
1015 1936 1200 1976 Eurydicen·
1219 1936 1410 1968 referendum
1436 1937 1554 1977 opinati

1319 1984 1366 2014 2*
