1759 2481
903 120 947 153 12

265 222 432 264 ὄξύθηκτος
465 224 672 263 scripserunt;
706 228 771 254 tum
803 232 916 256 versus
948 223 1123 264 integrandi
1152 232 1250 255 causa
1281 222 1411 255 alterum
1444 222 1497 263 ἥδε
1528 224 1574 255 in-

266 272 437 303 calcarunt.

359 318 463 348 Verba
488 319 559 357 περὶ
577 318 660 356 ξίφει
679 317 856 357 significare
875 317 979 357 gladio
998 326 1180 356 percussum
1202 317 1395 348 notissimum
1420 320 1478 347 est.
1518 316 1575 347 Est

265 370 384 401 tamen,
405 372 501 403 quare
520 372 626 394 eorum
646 372 715 393 cum
735 363 839 394 verbis
858 366 958 403 βωμία
978 361 1043 394 λύει
1063 364 1201 404 βλέφαρα
1221 363 1408 394 constructio
1429 363 1577 394 audacior

264 411 422 450 aliquanto
441 410 542 441 videri
561 410 680 448 possit,
709 420 801 449 quam
820 420 900 450 quae
923 410 1003 441 aliae
1023 410 1163 440 eiusdem
1182 410 1305 450 generis
1325 410 1474 441 dictiones
1492 410 1575 449 apud

263 462 375 496 poetas
394 456 608 493 inveniuntur,
635 456 722 486 velut
742 456 830 487 Hom.
851 456 936 487 lliad.
964 468 1000 492 ν,
1019 455 1089 487 570.
1110 458 1181 495 περὶ
1200 456 1287 495 δουρὶ
1306 453 1449 495 ἤσπαιρε.
1470 456 1505 492 θ,
1524 455 1575 487 86.

263 500 478 540 κυλινδόμενος
504 504 575 541 περὶ
604 502 714 542 χαλκῷ.
734 511 766 538 σ,
791 503 860 533 23⁰.
882 511 947 541 seq.
979 500 1087 532 ι’)’λοντο
1107 517 1120 524 ·
1140 498 1222 541 ἀμφὶ
1251 504 1343 541 σφοῖς
1372 498 1495 538 ὀχέεσσι
1526 504 1578 531 καὶ

264 548 393 586 ἔγχεσιν.
436 548 553 588 Odyss.
579 560 614 587 μ,
639 548 708 580 395.
735 550 806 589 κρέα
832 545 863 579 δ’
886 545 962 589 ἄμφ’
986 546 1102 588 ὀβελοῖς
1128 544 1277 587 ἐμεμύκει.
1317 548 1413 589 Soph.
1433 549 1522 580 Aiac.
1545 558 1575 579 v.

263 596 332 628 828.
358 596 511 627 πεπτῶτα
535 595 614 636 τῷδε
638 598 709 636 περὶ
736 592 908 636 νεορῤιίντω
935 597 1028 636 ξίφει.
1068 595 1142 627 Vid.
1168 594 1305 627 Nitzsch.
1331 596 1372 627 ad
1401 596 1515 635 Odyss.
1546 596 1577 631 λ,

263 644 332 674 423.
355 644 457 683 Atque
477 643 536 673 erit
554 641 706 678 fortasse,
733 644 805 682 qui,
824 643 975 674 eiusmodi
994 651 1121 680 vocem,
1142 642 1244 682 qualis
1263 643 1296 672 in
1314 643 1421 673 Aiacis
1438 642 1508 673 loeo
1528 646 1577 672 ast

264 687 409 724 πεπτώς,
435 688 486 719 hic
513 698 636 727 quoque
661 689 778 727 requiri
806 695 933 727 putans,
961 686 1120 728 πτώσιμος
1145 698 1201 728 pro
1226 691 1327 728 βωμία
1352 688 1459 728 reponi
1478 687 1577 723 malit,

262 735 444 774 praesertim
470 739 636 775 postquam
662 735 701 766 de
726 736 879 766 vocabulo
898 737 999 775 βωμία
1018 735 1237 766 dubitationem
1263 735 1364 766 attulit
1382 736 1577 766 Hei-mannus

265 782 298 812 in
319 782 518 812 adnotatione
544 782 583 812 ad
609 781 640 813 h.
660 782 681 811 l.
709 791 883 822 quaerens:
912 782 1041 812 „deinde
1061 791 1142 821 quae
1160 782 1215 812 illa
1233 787 1282 812 est
1301 791 1372 819 ara,
1400 791 1495 822 quum
1514 791 1577 812 non

264 828 297 857 in
323 828 454 867 templo,
480 837 544 858 non
570 828 601 858 in
628 828 699 858 loco
724 837 834 864 sacro,
860 829 916 859 sed
942 828 1020 867 ipsis
1045 827 1078 858 in
1103 828 1200 868 regiis
1224 828 1354 859 aedibus
1372 836 1496 858 manum
1515 828 1576 858 sibi

265 873 451 904 intulerit&
512 875 555 904 At
588 883 689 914 neque
724 875 871 906 audacior
910 875 1076 905 verborum
1105 874 1293 906 constructio
1329 875 1362 905 in
1397 873 1576 905 sublimiore

265 920 444 950 melicorum
476 920 610 951 dictione
640 921 805 961 quidquam
835 920 1015 951 offensionis
1045 921 1154 958 habet,
1181 918 1281 960 neque
1312 920 1394 959 quod
1425 921 1466 951 ad
1492 929 1577 951 aram

266 966 466 996 domesticam
483 966 593 996 mulier
612 966 676 996 iras
697 968 825 997 deorum
843 967 876 997 in
895 972 989 1005 caput
1008 967 1151 1006 coniugis
1170 967 1359 996 detestatura
1375 966 1576 1006 procubuisse

265 1011 370 1051 ibique
390 1021 496 1043 necem
516 1013 575 1043 sibi
596 1014 809 1050 conscivisse,
836 1017 928 1052 atque
953 1013 1022 1043 eius
1048 1013 1094 1044 rei
1114 1012 1296 1043 mentionem
1316 1012 1418 1043 faeere
1443 1013 1575 1044 nuncius

266 1060 304 1088 de
323 1059 526 1089 detestatione
552 1060 605 1090 illa
632 1060 770 1089 dicturus
797 1060 941 1099 fingitur,
968 1067 1030 1089 non
1055 1063 1139 1089 recte
1158 1067 1179 1088 a
1197 1064 1288 1097 poeta
1312 1058 1485 1089 institutum
1504 1068 1577 1090 esse

265 1104 365 1134 videri
386 1105 485 1135 debet.
527 1106 575 1135 De
601 1106 665 1135 aris
692 1105 887 1141 domesticis,
915 1113 995 1143 quae
1020 1104 1125 1143 plures
1145 1109 1234 1134 erant
1252 1104 1285 1134 in
1303 1113 1411 1143 regum
1435 1105 1576 1141 aedibus,

265 1149 303 1180 cf.
329 1150 436 1189 Eurip.
464 1151 580 1182 Alcest.
607 1161 637 1181 v.
668 1152 733 1182 170.
760 1148 884 1184 πάντας
910 1151 944 1180 δὲ
967 1147 1105 1188 βωμούς,
1131 1151 1166 1180 οἳ
1188 1146 1251 1179 κατ’
1276 1146 1427 1188 Ἀδμήτου
1452 1148 1576 1189 δόμους,

265 1196 835 1236 προςῆλθε.8ὸρ11.Τι·οοῙ].ν.900.
856 1205 941 1236 seqq.
962 1195 1032 1226 ἐπεὶ
1057 1194 1113 1235 γὰρ
1133 1192 1210 1234 ἦλθε
1235 1193 1385 1234 δωματων
1404 1196 1477 1226 εἴσω
1496 1194 1575 1235 μόνη

265 1245 315 1270 καὶ
342 1239 433 1271 παῖδ’
462 1242 497 1272 ἐν
521 1240 631 1277 αυλαΐς
657 1243 720 1273 εἶδε
745 1259 758 1265 -
778 1259 790 1265 -
829 1243 998 1281 ,βρυχᾶτο
1024 1243 1082 1280 μὲν
1106 1244 1237 1281 βωμοῖσι
1263 1238 1502 1281 προςπιπτουζσ
1526 1240 1574 1273 ὅτι

266 1284 374 1324 γένοιτ’
398 1285 500 1329 ἐρήμη.

617 1484 800 1530 oedip.
823 1485 890 1523 B.
918 1493 962 1523 v.
986 1482 1104 1523 214.
1128 1492 1232 1528 seo.

455 1574 660 1614 Πελασθῆναι
679 1572 817 1615 φλέγοντ’
840 1571 984 1612 ἆγλαῶπι

455 1618 557 1661 πεύκᾳ
571 1618 624 1651 ’πὶ
643 1620 700 1652 τὸν
719 1619 876 1661 ἂπότιμον
896 1621 931 1652 ἐν
948 1622 1037 1656 θεοῖς
1055 1619 1144 1652 θεόν.

361 1705 436 1737 Post
455 1702 599 1743 ἆγλαῶπι
618 1707 772 1738 excidisse
790 1712 855 1738 tres
874 1707 1023 1747 syllabas,
1043 1716 1124 1747 quae
1143 1707 1291 1737 creticum
1308 1705 1477 1742 efficerent,
1499 1706 1573 1737 Her-

266 1760 400 1782 mannus
419 1752 579 1783 intellexit.
621 1752 799 1790 Quaerenti,
821 1753 993 1784 cuiusmodi
1012 1762 1076 1784 vox
1095 1752 1237 1792 perierit,
1255 1751 1310 1782 vix
1328 1756 1432 1792 potest
1450 1751 1575 1784 dubium

267 1798 385 1837 videri,
413 1798 487 1838 quin
504 1798 582 1837 faci,
611 1809 674 1840 qua
700 1806 837 1831 armatus
862 1800 975 1831 dicitur
994 1799 1154 1838 Bacchus,
1181 1803 1301 1840 praeter
1318 1799 1493 1840 splendoris
1512 1800 1575 1839 epi-

268 1846 374 1876 theton
400 1842 544 1882 ἇγλαῶπι
570 1847 661 1877 etiam
687 1847 837 1884 alterum,
864 1847 947 1887 quod
973 1846 1165 1886 rapiditatem
1191 1845 1333 1878 flammae
1357 1846 1409 1877 vel
1434 1845 1575 1876 ardorem

269 1892 474 1931 significaret,
501 1893 673 1932 appositum
692 1893 801 1929 fuerin
821 1894 932 1925 ardore
951 1894 1049 1931 enim,
1077 1904 1139 1924 non
1159 1893 1228 1924 solo
1248 1893 1428 1934 splendore,
1456 1892 1507 1923 fax
1535 1893 1572 1923 ad
