1759 2481
862 163 908 199 33

230 269 449 309 Thrasymede.
472 274 548 300 erat.
589 268 794 309 'testatusque
819 274 868 300 est
886 270 1029 309 pietatem
1048 278 1137 299 suam
1158 269 1226 307 ipsa
1245 273 1351 306 morte,
1373 278 1468 308 quum
1495 269 1545 299 de·

231 315 497 356 fendensnpatrem
516 315 548 345 in
567 324 671 356 pugna
690 316 863 348 occubans

327 362 521 398 Emendatio,
541 363 622 402 quod
642 362 683 394 ad
702 364 883 395 sententiam
904 364 1024 400 attinet,
1043 363 1141 401 bona,
1161 363 1253 393 modo
1273 371 1312 392 ne
1331 362 1430 393 oratio
1449 362 1542 392 nimis

233 411 265 440 in
285 411 378 441 breve
398 414 556 440 contracta
574 418 673 449 eoque
691 411 824 441 obscura
843 409 925 440 facta
944 415 1028 440 esset
1045 415 1077 440 et
1097 410 1248 448 ambigua.
1275 408 1416 439 Debebat
1433 408 1542 439 saltem

233 456 306 486 addi
331 455 486 494 genitivus
511 454 628 495 πατρός
653 455 704 486 vel
728 452 845 491 αῧτοῦ,
871 465 1070 495 ᾳιιο,ἰ]ιιιιιιι
1089 456 1195 486 minus·
1214 455 1330 486 usitata
1354 458 1439 486 esset
1456 454 1544 484 verbi

233 501 337 540 μέλειν
362 501 547 540 significatio
572 503 676 533 activa
702 502 787 541 (duo
813 503 882 533 eius
907 500 1050 541 exempla
1074 501 1163 532 affert
1187 502 1288 532 Herm.
1314 501 1354 532 ad
1374 500 1487 532 Electr.
1512 510 1543 531 v.

232 547 338 587 383),
357 553 559 581 monerentur
577 549 751 587 auditores,
772 558 812 579 ne
830 549 909 588 patri
929 557 1023 579 curae
1041 547 1140 578 ruisse
1158 547 1355 578 Antilochum
1374 548 1437 578 diei
1454 552 1543 587 puta-

232 598 312 630 rent,
331 594 388 625 sed
407 599 442 624 ut
460 595 600 634 gessisse
617 596 715 634 patris
735 604 840 626 euram
859 594 1076 634 intelligerent.
1113 593 1229 626 Verum
1248 602 1288 624 ne
1307 602 1400 625 curae
1419 593 1543 633 quidem

232 642 385 680 gerendae
409 642 537 672 verbum
562 641 640 671 satis
666 647 736 681 apte
762 642 913 673 delectum
936 646 1002 677 est,
1027 641 1081 671 ubi
1107 640 1255 681 distingui
1285 649 1305 670 a
1333 640 1543 680 Thrasymede

234 687 431 720 Antilochum
463 687 624 719 referebat.
685 688 829 719 Omnium
861 688 943 718 enim
973 688 1138 719 liberorum
1166 692 1216 718 est
1244 692 1405 727 parentum
1437 696 1543 718 curam

234 742 336 774 egere.
375 733 554 773 Requiritur
580 734 682 774 potius
706 735 922 775 propugnandi
941 735 1079 766 verbum.
1118 734 1214 774 quue
1231 734 1316 765 haud
1340 742 1417 766 sane
1434 734 1543 774 procul

233 780 442 820 quaerendum
467 786 525 811 est.
566 781 644 812 Nam
671 781 755 821 quod
780 781 820 812 de
844 779 1017 821 musgravii
1043 782 1220 813 coniectura
1244 790 1266 811 a
1290 780 1473 821 quibusdam
1494 789 1543 810 re·

232 827 367 865 positum
385 832 446 863 est,
465 828 581 867 παρῆν,
599 837 667 858 eam
686 828 795 867 ipsam,
816 837 907 867 quam
928 828 1150 868 desideramus,
1168 827 1233 858 vim
1248 827 1383 863 babebit,
1394 827 1431 857 *si
1450 826 1542 857 modo

233 873 418 912 apposueris
443 875 473 903 ei
497 882 628 910 nomen,
654 884 715 914 quo
741 874 837 913 patris
861 874 1006 913 periculis
1025 884 1064 905 ac
1087 874 1247 905 laboribus
1265 873 1404 905 adfuisse
1422 873 1543 904 dicatur

235 918 437 955 Antilochus,
464 921 636 951 cuiusmodi
661 930 773 952 nomen
798 920 832 950 in
850 920 954 960 inepto
972 920 1027 952 illo
1046 919 1135 958 γόνος
1153 920 1250 952 latere
1269 920 1397 959 opinor,
1423 917 1542 952 πόνοις.

232 965 434 996 scribendum
454 966 548 1005 igitur
558 976 568 996 z

420 1009 533 1047 Κεΐνός
552 1022 586 1049 re
604 1010 740 1052 πράσσει
759 1013 818 1044 νῦν
837 1013 952 1049 κακῶς,
971 1012 1041 1044 ἐπεὶ
1060 1012 1172 1045 θανών

415 1055 593 1095 Ἀντίλοχος
612 1056 698 1099 αὖτῷ
717 1060 868 1099 φροῦδος,
888 1057 923 1094 ὃς
942 1061 1048 1099 παρῆν
1066 1058 1187 1095 πόνοις.

232 1105 265 1134 id
283 1109 351 1135 est:
377 1104 449 1135 ille
474 1105 629 1144 quidem
647 1114 751 1136 nunc
768 1105 872 1135 vivit
890 1105 1008 1141 male,
1034 1111 1240 1145 postquam
1258 1110 1383 1137 morte
1408 1106 1444 1135 ei
1463 1105 1539 1136 An-

234 1150 412 1181 tilochus
438 1156 601 1190 ereptus
625 1156 703 1188 est,
730 1152 795 1190 qui
822 1152 961 1182 aderat
984 1151 1205 1183 laboribus.

328 1195 459 1227 Librarii
486 1202 607 1227 veteres
633 1203 779 1236 corrupta
801 1197 881 1228 forte
901 1198 1054 1236 scriptura
1078 1197 1256 1229 ΓΟΝΟῙΣ
1280 1199 1416 1237 decepti,
1447 1208 1542 1237 quum

234 1242 331 1272 filium
359 1242 500 1273 Nestoris
516 1243 577 1273 dici
598 1243 795 1273 Antilochum
815 1244 1030 1283 opinarentur,
1056 1241 1147 1283 ὅςπερ
1166 1239 1205 1282 ἢν
1223 1241 1313 1281 γόνος
1340 1244 1538 1284 scripserunt.

577 1444 805 1485 Philoct.
828 1454 873 1484 v.
897 1443 994 1484 21³
1017 1464 1065 1471 —
1088 1443 1194 1502 {1¹2-

509 1531 551 1566 Ὦ
568 1536 663 1575 μελέα
684 1533 793 1578 ψυχά,

420 1579 454 1617 ὃς
471 1577 543 1621 μηδ’
566 1579 730 1620 οῑνοχῦτου
749 1581 896 1624 πώματος
915 1582 997 1624 ἥσθη
1017 1584 1130 1615 δεκέτει
1148 1581 1267 1625 χρόνῳ,

421 1626 559 1660 λεύσσων
579 1626 610 1659 δ’
632 1628 715 1660 ὅπου
734 1632 820 1669 γνοίη
841 1629 957 1662 πανὸν
976 1631 1019 1665 εἷς
1038 1629 1119 1671 ὕδωρ

419 1673 471 1706 ἀεὶ
489 1673 680 1716 προςενόμα.

328 1762 365 1793 Si
383 1762 550 1802 genuinum
568 1767 670 1802 esset,
689 1762 771 1802 quod
790 1762 823 1793 in
843 1763 987 1794 omnibus
1006 1763 1095 1794 libris
1113 1763 1241 1803 legitur,
1265 1772 1363 1803 aquae
1382 1764 1538 1803 epitheton

233 1806 362 1845 «κατόν,
380 1817 444 1839 non
462 1813 570 1848 posset
588 1808 651 1840 alio
670 1808 801 1840 consilio
820 1818 840 1840 a
858 1815 949 1849 poeta
967 1810 1102 1850 positum
1120 1818 1208 1846 esse,
1227 1810 1287 1840 nisi
1306 1809 1377 1847 hoc,
1397 1816 1432 1841 ut
1452 1815 1536 1842 tanto

232 1856 373 1887 miserior
391 1855 548 1886 videretur
566 1855 755 1886 Philoctetae
779 1863 869 1894 sors,
893 1857 922 1887 si
947 1857 1102 1896 stagnanti
1127 1865 1209 1896 aqua
1233 1866 1291 1896 per
1310 1857 1415 1889 decem
1437 1866 1537 1889 annos

233 1911 313 1933 usus
332 1901 497 1933 videretur.
536 1903 580 1932 At
598 1907 715 1932 tantum
741 1902 845 1939 abest,
872 1908 908 1933 ut
931 1912 969 1933 eo
989 1902 1192 1933 miserabilior
1210 1905 1435 1942 spectatoribus
1453 1903 1537 1934 sacta

234 1953 317 1978 esset
337 1948 423 1979 chori
450 1948 567 1984 oratio,
594 1954 630 1979 ut
654 1957 674 1978 a
699 1948 884 1979 miserandis
910 1948 1097 1979 Philoctetae
1123 1948 1213 1980 malis
1238 1950 1279 1980 ad
1304 1950 1403 1988 ipsius
1428 1956 1537 1989 poetae
1579 1982 1585 1985 ,
