1759 2481
856 145 902 180 24

219 254 330 284 adum
362 262 455 290 una,
486 262 569 283 cum
598 251 701 282 Pane
731 259 966 292 congressa3
996 259 1044 282 an
1069 255 1107 281 te
1131 249 1274 282 coniux
1299 248 1435 289 aliqua
1462 248 1534 280 Lo-

218 299 326 329 xiae?
372 299 506 330 Articuli
532 299 629 329 forma
654 298 720 328 τῶν
745 299 867 329 servari
902 302 1004 338 potest
1037 306 1106 328 cum
1139 296 1437 328 femininwnomine
1465 305 1536 326 con-

217 346 338 384 iuncta3
360 344 399 376 cf.
420 345 497 377 Oed.
520 344 587 377 Col.
609 354 639 376 v.
659 345 728 376 ⁷18.
748 345 813 375 τῶν
834 342 1056 384 ἑκατομπόδων
1075 341 1228 387 Νηρῄδων
1248 339 1428 376 ἀκόλουθος.
1464 342 1536 372 Par-

216 392 311 422 ticula
337 390 400 432 ἄρα
426 392 618 423 coniicientis
643 398 708 428 est,
735 399 770 421 nt
796 401 898 431 saepe.
939 391 973 421 ln
996 390 1129 421 formula
1150 391 1311 421 Homerica
1334 386 1352 428 ἢ
1378 390 1415 420 σέ
1438 399 1471 426 γε
1490 390 1535 419 ἰη·

217 439 299 468 iuria
319 437 487 468 offendisse
500 437 703 475 Wunder-um,
718 448 811 478 quum
832 438 932 469 simile
945 438 986 468 sit
1006 434 1079 467 οῧὸὲ
1093 438 1130 467 σέ
1141 433 1182 474 γε’
1193 437 1225 467 in
1240 436 1369 467 Philoct.
1389 445 1419 466 v.
1436 436 1535 470 111⁷„

217 485 279 516 iam
300 486 340 516 ab
360 484 435 516 aliis
456 488 504 515 est
530 485 689 515 monitum.

554 680 737 726 oedip.
762 667 830 719 13ss
853 690 897 718 v.
919 678 1077 719 1281).
1102 688 1206 725 seq.

414 768 493 800 Ta‘d'
516 770 548 800 ἐκ
569 771 658 801 δυοῖν
679 770 815 810 ἴῤῥωγεν,
838 768 874 801 οὗ
894 768 1003 809 μόνου,
1025 768 1114 806 κακά,

410 813 479 845 ἀλλ’
503 813 592 855 ἀνδρὶ
613 820 664 846 καὶ
684 820 803 854 γυναικὶ
826 818 958 855 συμμιγῆ
976 815 1063 846 κακά.

300 900 367 931 Nec
385 900 573 941 geminatum
592 899 670 931 κακά
689 910 789 942 neque
808 900 951 932 absolute
969 901 1102 941 positum
1122 899 1220 940 μόνου
1240 900 1363 931 tolerari
1382 907 1475 939 posse
1495 900 1534 930 ab

219 947 437 987 interpretibus
456 948 614 988 plerisque
636 949 780 980 omnibus
798 948 985 979 intellectum
1004 953 1062 979 est.
1104 948 1195 983 Quod
1209 947 1367 979 Porsonus
1386 955 1536 986 reponen-

220 994 294 1024 dum
314 994 434 1024 censuit
454 991 511 1030 οὗχ
532 993 600 1029 ἑνὸς
620 993 731 1033 μόνου,
751 1000 782 1025 et
802 1004 855 1033 per
875 1004 910 1025 se
929 995 1065 1034 languet,
1086 999 1117 1024 et
1135 995 1178 1025 ita
1197 995 1329 1025 absolvit
1342 994 1535 1028 sententiam,

219 1044 255 1071 ut
281 1040 421 1072 inutilem
447 1040 541 1071 faciat
567 1050 692 1072 versum
719 1046 907 1081 sequentem.
949 1041 1031 1070 idem
1057 1041 1140 1070 cadit
1164 1041 1195 1070 in
1221 1041 1415 1071 coniecturas
1434 1040 1535 1069 κείνυυ

219 1085 321 1124 μόνον
340 1092 372 1117 et
389 1084 503 1117 τούτου
522 1085 631 1126 μόνον.
672 1087 850 1127 Requiritur
870 1086 931 1117 tale
951 1086 1155 1124 vocabulum,
1175 1087 1257 1127 quod
1278 1090 1439 1126 praeparet
1458 1095 1537 1121 eam,

220 1142 301 1171 quae
329 1133 485 1172 sequitur,
507 1133 699 1162 sententiam.
740 1133 902 1162 Eiusmodi
929 1138 995 1167 est,
1023 1134 1105 1172 quod
1133 1133 1293 1171 ingeniose
1317 1134 1435 1163 invenit
1461 1133 1535 1163 Her-

221 1187 372 1215 mannus,
394 1175 432 1207 οῧ
451 1179 620 1216 μονοζυγῆ,
648 1178 708 1208 hoc
734 1187 795 1208 nno
822 1178 944 1208 nomine
966 1178 1267 1216 reprehendendum,
1294 1179 1377 1218 quod
1400 1178 1537 1208 difficilis

220 1230 269 1256 est
295 1225 334 1255 ab
363 1233 401 1256 ea
425 1224 580 1263 scriptura
605 1224 638 1254 in
664 1224 821 1264 vulgatam
848 1224 1008 1255 transitus.
1055 1222 1158 1264 Magis
1187 1224 1376 1264 corruptioni
1404 1225 1538 1256 obnoxia

223 1276 290 1301 erat
309 1271 388 1301 haec
406 1271 572 1300 verborum
593 1271 841 1309 comprehensio:

410 1313 483 1346 τάδ’
505 1316 537 1346 ἐκ
558 1317 647 1347 δυοῖν
667 1316 806 1357 ἕῤῥωγεν,
827 1312 883 1346 οὒκ
902 1312 1014 1356 ἀνδρὸς
1032 1313 1142 1354 μόνον,

411 1359 481 1393 ἄλλ’
505 1359 594 1404 ἆνὸρῐ
613 1366 664 1394 καὶ
684 1365 806 1401 γυναικὶ
825 1364 958 1403 συμμιγῆ
978 1360 1066 1393 κακά.

221 1411 325 1441 Facile
351 1409 434 1440 enim
458 1410 526 1439 fieri
552 1410 670 1448 potuit,
702 1415 737 1439 ut
763 1406 875 1449 ἀνδρὸς
907 1419 962 1449 per
988 1410 1200 1449 compendium
1226 1410 1373 1448 scriptum
1405 1420 1426 1441 a
1449 1411 1539 1441 libra-

222 1457 280 1486 riis
300 1455 510 1490 omitteretur,
537 1455 717 1493 praesertim
743 1465 837 1494 quum
862 1455 966 1494 paullo
986 1460 1057 1494 post
1079 1456 1161 1486 idem
1185 1455 1346 1494 repetitum
1365 1456 1537 1486 invenirent

222 1512 337 1534 nomen
357 1498 466 1541 ἀνδρί,
494 1506 557 1532 tum
585 1507 689 1531 antem
708 1501 901 1541 suppleretur
920 1510 1032 1532 versus
1055 1501 1174 1533 adiecta
1193 1509 1271 1533 voce
1293 1498 1381 1532 κακά.
1421 1501 1537 1534 Eodem

220 1550 286 1581 fere
307 1548 399 1579 modo
426 1548 508 1587 apud
536 1548 712 1587 Euripidem
738 1548 771 1579 in
797 1547 912 1580 Phoen.
934 1558 964 1578 v.
986 1548 1089 1586 159⁷„
1110 1558 1203 1589 quum
1223 1549 1255 1580 in
1273 1548 1431 1589 plerisque
1450 1549 1537 1581 libris

219 1597 343 1636 legatur
363 1592 402 1626 ὃν
421 1597 473 1625 καὶ
493 1597 567 1634 πρὶν
588 1594 631 1629 εἷς
651 1595 717 1635 φῶς
735 1593 847 1635 μκητρός
866 1594 899 1625 ἐκ
918 1595 1008 1634 γονῆς
1026 1596 1149 1634 μολεῖν,
1174 1605 1237 1627 vox
1255 1595 1368 1636 μητρὸς
1387 1596 1501 1627 excidit
1519 1606 1538 1627 e

223 1644 359 1684 quinque
386 1642 563 1677 codicibus,
590 1651 721 1681 quorum
749 1642 810 1673 duo
837 1642 876 1673 ad
902 1642 1043 1673 lacunam
1068 1651 1181 1673 versus
1206 1643 1398 1674 sarciendam
1424 1643 1456 1673 in
1476 1643 1538 1674 fine

223 1690 340 1720 addunt
361 1688 417 1719 ἔτι.
459 1688 531 1718 Vid.
552 1687 653 1718 Klotz.
681 1688 760 1719 adl.
782 1699 809 1720 e.
850 1689 942 1723 Quod
968 1690 1009 1719 ad
1028 1689 1209 1719 sententiam
1233 1691 1359 1726 attinet,
1386 1690 1418 1720 id
1444 1700 1536 1730 agere

223 1737 345 1767 videtur
364 1740 469 1774 poeta,
490 1739 524 1765 ut
544 1739 707 1774 postquam
727 1734 865 1766 locastae
884 1740 915 1766 et
934 1735 1103 1774 Oedipodis
1124 1735 1312 1766 calamitates
1331 1736 1465 1766 nuncius
1484 1746 1537 1766 ex-

224 1782 350 1823 posuit,
375 1790 457 1812 nunc
477 1786 660 1812 moneantur
680 1782 853 1817 auditores,
877 1792 970 1822 quum
996 1781 1083 1812 solus
1104 1781 1243 1821 Oedipus
1262 1782 1405 1812 videatur
1424 1783 1538 1813 noxius

224 1839 314 1866 esse,
343 1829 495 1859 communi
522 1838 592 1859 cum
620 1829 729 1859 marito
755 1829 879 1860 interitu
905 1829 1099 1860 innocentem
1124 1838 1252 1860 uxorem
1275 1830 1431 1869 abreptam
1458 1839 1537 1862 esse.

225 1876 349 1914 „Saepe
368 1875 449 1905 enim
468 1875 625 1914 Diespiter
644 1876 804 1916 neglectus
828 1876 946 1907 incesto
965 1876 1085 1907 addidit
1108 1876 1289 1916 integrum«.
1330 1876 1456 1914 (Horat.
1478 1877 1537 1908 Od.

223 1923 283 1958 ΙΙΙ,
309 1923 346 1959 2,
374 1920 458 1960 30.).
498 1921 615 1953 idcirco
642 1923 802 1963 distinguit
828 1923 970 1954 maritum
996 1923 1037 1953 ab
1061 1932 1159 1954 uxore
1178 1923 1312 1954 nuncius
1332 1922 1454 1954 dicens:
1481 1921 1538 1953 οὔκ
