1759 2481
775 170 819 205 13

145 279 356 320 depellendum
382 279 504 309 hostem
528 276 641 307 idonea
665 280 723 307 est.
763 274 925 306 Eiusmodi
944 274 1128 305 adiectivum
1147 282 1210 304 nou
1235 273 1327 304 credo
1347 272 1450 312 aptius

143 327 272 367 reperiri
292 334 383 365 posse
403 333 496 364 quam
515 323 599 363 ὅαΐᾳ.
638 322 809 353 Notissima
827 327 876 352 est
894 321 1017 352 Homeri
1037 321 1131 352 dictio
1150 323 1225 360 πυρὶ
1246 320 1341 360 δαΐῳ,
1359 328 1452 359 quam

145 375 236 405 etiam
261 371 369 411 tragici
395 374 564 410 usurpant,
590 373 625 400 ut
649 368 763 400 Aesch.
789 368 876 408 Sept.
901 377 932 397 v.
959 368 1028 400 204.
1067 367 1174 407 Eurip.
1196 366 1304 397 Helen.
1329 376 1361 397 v.
1383 366 1450 398 197.

144 420 303 451 Librarius
323 426 429 448 vocem
448 417 581 454 AAIAI,
609 417 734 456 opinor,
755 415 983 455 proclivissimo
1003 424 1107 445 errore
1126 414 1243 445 AAIAI
1257 413 1365 453 legens
1384 422 1453 451 pro-

143 472 211 506 pter
236 473 371 504 sequens
396 464 534 494 eiusdem
560 463 754 504 significatus
779 470 892 492 nomen
917 459 1016 501 πεύκᾳ
1040 466 1187 501 tanquam
1206 469 1247 491 ex
1265 460 1450 500 glossemate

144 514 291 543 insertum
312 509 424 540 omisit.

491 706 673 751 oedip.
696 705 764 743 R.
787 676 831 743 v.
852 703 975 743 328.
1000 712 1104 748 seq.

334 794 455 830 Πάντες
474 794 530 835 γὰρ
550 793 587 826 οὗ
608 792 753 836 φρονεῖτ’·
773 793 831 833 ἐγὼ
851 791 882 825 δ’
905 791 943 825 οὗ
962 792 1082 834 μήποτε

332 839 415 881 τᾶμί,
437 838 478 877 ὥς
497 839 539 872 ἂν
558 842 636 873 εἴπω
654 841 695 881 μῆ
714 841 755 873 τὰ
774 838 817 878 α’,
836 838 955 881 ἐκφῆνω
975 839 1062 871 κακά.

239 927 346 957 Oratio
373 927 450 957 dura
475 927 638 957 admodum
657 931 688 958 et
705 927 868 966 perplexa,
896 926 1170 966 quomodocunque
1189 925 1326 955 membra
1345 924 1452 954 distin-

145 972 226 1012 guis.
267 972 458 1003 Scholiastes
477 973 634 1012 coniungit
652 974 749 1004 verba
769 968 809 1007 ὧς
829 969 870 1002 ἂν
889 973 967 1002 εἴπω
985 970 1026 1010 μῆ
1045 970 1086 1001 τὰ
1106 969 1167 1006 σά,
1185 971 1263 1001 haec
1281 971 1450 1001 adnotans:

145 1015 201 1048 οῦκ
219 1017 348 1058 ὲμφανῶ
367 1018 408 1049 τὰ
433 1017 493 1058 ἐμαὶ
519 1018 595 1059 ἔπη,
621 1019 676 1050 ἵνα
693 1017 733 1059 μὴ
753 1017 794 1048 τὰ
814 1016 856 1049 σὰ
876 1017 954 1049 εἴπω
973 1015 1069 1054 κακά,
1094 1018 1224 1058 eamque
1243 1016 1451 1056 distinguendi

145 1065 295 1095 rationem
314 1065 487 1095 Hermanno
507 1070 672 1103 praeeunte
696 1066 834 1104 plerique
860 1066 994 1095 editores
1020 1065 1117 1096 secuti
1142 1069 1231 1101 sunt,
1258 1063 1450 1095 tolerabilius

146 1120 238 1147 sane,
270 1120 362 1150 quam
387 1111 535 1150 quidquid
562 1115 721 1149 praeterea
749 1119 771 1140 a
798 1111 876 1139 viris
905 1111 1004 1139 doctis
1033 1112 1073 1139 ad
1102 1111 1320 1149 explicandum
1349 1110 1451 1140 locum

145 1162 294 1187 tentatum
312 1161 370 1187 est.
411 1156 527 1187 Verum
546 1156 711 1195 quominus
729 1155 962 1194 acquiescamus
981 1155 1014 1185 iu
1041 1165 1079 1185 ea
1098 1157 1236 1191 ratione,
1260 1156 1388 1194 impedit
1407 1157 1452 1185 in-

145 1208 217 1241 epta
236 1203 267 1232 in
286 1201 345 1232 hac
364 1202 517 1233 sententia
540 1202 704 1232 verborum
729 1200 910 1244 collocatiq,
935 1210 997 1241 qua
1016 1210 1109 1241 quum
1128 1198 1214 1240 τάμὰ
1232 1206 1265 1232 et
1292 1201 1332 1232 τὰ
1352 1201 1394 1232 σὰ
1420 1208 1454 1232 ut

148 1248 302 1279 contraria
326 1249 407 1278 inter
426 1258 462 1279 se
481 1253 692 1287 opponantur,
718 1248 904 1278 contrarium
923 1252 1025 1278 autem
1043 1248 1122 1278 inter
1141 1248 1281 1278 Tiresiae
1299 1248 1381 1278 mala
1400 1258 1453 1277 va-

146 1295 251 1326 ticinia
276 1299 308 1326 et
334 1294 503 1335 Oedipodis
528 1293 610 1326 mala
634 1293 772 1325 facinora
803 1293 880 1325 nihil
912 1294 970 1332 sit,
1006 1294 1067 1325 nisi
1100 1295 1182 1335 quod
1211 1304 1374 1327 commune
1403 1302 1452 1326 est

148 1342 285 1371 omnium
303 1342 537 1378 vaticiniorum,
563 1346 598 1372 ut
617 1341 698 1372 alius
717 1341 759 1371 sit
776 1345 882 1377 vates,
908 1340 989 1372 alius
1014 1342 1061 1377 is,
1088 1343 1137 1372 cui
1160 1343 1363 1378 vaticinetur,
1389 1352 1451 1373 non

147 1387 279 1418 facetum
299 1388 383 1418 istud
402 1388 436 1418 iu
454 1388 644 1427 opponendis
663 1388 826 1418 contrariis
850 1396 998 1422 acumen,
1023 1388 1079 1417 sed
1104 1388 1227 1418 inanem
1246 1387 1452 1428 frigidumque

149 1443 222 1464 esse
245 1435 411 1464 verborum
434 1433 537 1465 lusum
564 1433 691 1473 quilibet
714 1433 834 1464 sentiet.
874 1433 920 1463 lta
945 1433 1068 1464 demum
1093 1442 1128 1463 se
1147 1439 1230 1464 recte
1247 1434 1374 1465 haberet
1393 1435 1454 1464 ista

148 1481 311 1511 verborum
325 1480 500 1518 collocatio,
512 1481 541 1511 si
553 1480 587 1511 in
598 1479 679 1511 hanc
691 1480 873 1511 sententiam
884 1479 992 1511 liceret
1004 1480 1100 1511 verba
1119 1482 1258 1520 accipere
1266 1492 1275 1510 ι
1294 1481 1361 1520 Ego
1378 1490 1453 1511 vero

149 1535 305 1567 nunquam
325 1535 394 1557 mea
406 1542 444 1550 —
459 1536 500 1558 ne
519 1527 632 1558 dicam:
652 1526 946 1565 tua-patefaciam
965 1526 1064 1563 mala,
1084 1527 1116 1556 id
1136 1532 1195 1564 est,
1219 1536 1278 1566 ego
1297 1536 1454 1566 nunquam

148 1572 233 1608 mihi,
254 1582 293 1602 ne
312 1573 431 1603 dicam:
451 1573 527 1609 tibi,
546 1573 744 1604 vaticinando
763 1573 845 1603 mala
862 1573 989 1612 parabo.
1029 1572 1185 1604 Metuebat
1204 1574 1286 1604 enim
1305 1573 1453 1609 Tiresias,

149 1627 189 1649 ne
207 1619 239 1648 in
259 1619 423 1657 perniciem
444 1628 533 1650 suam
553 1624 687 1651 verteret
705 1620 883 1651 vaticinatio
903 1620 950 1658 (v.
971 1619 1040 1650 324.
1060 1628 1125 1659 seq.
1152 1629 1183 1650 v.
1204 1620 1297 1659 332).
1340 1620 1455 1650 Verum

148 1665 250 1696 obstat
269 1664 420 1704 particula
442 1662 494 1697 ἄν.

242 1711 346 1745 Quare
371 1712 555 1749 videndum,
579 1721 621 1743 ne
639 1713 714 1752 quid
733 1713 827 1745 lateat
851 1713 888 1744 in
906 1686 1035 1752 vulgata
1053 1713 1206 1752 scriptura
1224 1713 1300 1743 vitii.
1340 1712 1454 1743 Melius

149 1762 232 1787 certe
251 1758 396 1796 procedet
421 1759 538 1794 oratio,
566 1759 613 1795 si,
638 1758 749 1790 leniter
773 1763 892 1790 mutata
916 1760 1034 1791 codicis
1052 1759 1165 1791 Veneti
1189 1758 1344 1799 scriptura
1363 1756 1451 1790 τᾶλλ’

148 1799 229 1839 ὡς’1
208 1815 250 1835 αν
268 1804 358 1841 εἴπω,
377 1804 425 1836 sic
443 1805 626 1845 scripseris=

711 1851 770 1890 ἐγώ
790 1849 821 1883 δ’
843 1850 882 1883 οὗ
900 1851 1019 1891 μήποτε

336 1895 456 1929 πάλλων
474 1895 611 1936 ἀνείπω,
631 1897 671 1937 μὴ
690 1897 732 1929 τὰ
751 1894 779 1930 σ’
800 1895 919 1939 ἐιφῆνω
937 1896 1026 1929 κακά.

152 1942 272 1978 Quibus
297 1945 418 1983 verbis,
445 1950 480 1977 ut
505 1949 607 1977 vatem
632 1945 740 1982 decet,
765 1955 823 1985 per
847 1945 992 1985 ambages
1011 1944 1150 1978 'tiresias
1174 1945 1234 1980 hoc
1252 1945 1346 1979 dicit:
1373 1944 1455 1986 Ego
