1759 2481
870 122 914 158 18

234 242 289 261 νον
314 230 439 267 referri,
470 230 552 260 uude
579 229 746 260 verisimile
773 230 808 261 fit
833 240 891 270 pro
920 227 1044 260 ὁπόταν
1073 229 1270 261 scholiastam
1302 227 1337 263 ὃς
1367 228 1445 260 ὅταν
1473 231 1549 262 scri·

231 279 343 317 psisse.
376 293 416 300 —
455 276 593 307 Eandem
622 276 804 316 scripturam
833 275 996 316 εῑςαναβὰς
1024 275 1108 307 haud
1137 277 1204 308 scio
1234 286 1274 308 an
1303 276 1394 317 primi
1423 286 1547 318 quoque

231 324 343 355 scholii
363 329 471 354 auctor
490 323 649 359 habuerit3
677 324 823 354 convenit
849 329 933 355 certe
955 324 1182 362 interpretatio:
1207 322 1285 355 ὅταν
1290 345 1303 361 ,
1326 325 1418 364 φησί,
1445 323 1547 354 πολλὰ

231 367 457 410 διαπράξηται,
486 367 557 400 τότε
583 370 626 405 εἰς
651 368 769 409 μεγάλα
794 370 942 410 ἐμπίπτει
971 369 1049 399 κακὰ
1080 369 1134 399 διὰ
1160 371 1214 409 τῆς
1244 368 1355 411 ὕβρεως
1385 369 1545 410 ἐπαρθείς,

231 418 283 447 ubi
303 416 468 456 ἐπαρθείς,
489 421 523 447 ut
541 417 681 453 videtur,
702 417 914 456 interpretatio
934 421 982 446 est
1001 416 1144 446 lectionis
1164 415 1336 456 εἶςαναβοὶς.
1376 418 1479 457 Atque
1499 417 1546 447 sic

231 464 346 493 diserte
366 463 492 499 Suidas,
513 463 566 502 qui
585 472 611 492 s.
633 473 663 492 v.
689 461 773 503 ὕβρις
798 473 838 493 ex
864 463 972 493 eodem
998 463 1059 492 isto
1085 462 1205 492 scholio
1230 462 1308 493 haec
1332 462 1441 493 refert·
1462 460 1546 502 ὕβρις

230 506 357 549 φυτεύει
391 518 556 548 τυραννον·
591 506 693 564 ὕβρις,
724 509 754 539 εἰ
782 509 983 549 (interpunge
1018 505 1189 549 τύραννον,
1219 506 1310 549 ὕβρις·
1344 508 1387 547 εἶ)
1422 508 1547 540 πολλῶν

230 552 433 599 ἱπερπλησθῇ
459 552 579 594 μάταν,
609 553 631 585 ἃ
655 554 696 594 μὴ
724 555 869 595 ἐπίκαιρα
895 555 935 595 μὴ
962 555 996 586 δὲ
1021 556 1227 595 συμφέροντα.
1259 554 1314 585 διὰ
1344 557 1398 595 τῆς
1423 554 1546 596 υβρεως,

230 604 342 641 ᾳησίν,
365 600 555 631 ἅνανεοῦται
583 597 600 631 ὅ
627 612 785 641 τιραννος.
813 604 876 631 καὶ
903 602 1042 640 (attende
1065 603 1108 632 ad
1127 602 1188 633 hoo
1210 602 1404 632 extrinsecus
1424 602 1544 632 illatum

230 649 298 685 καί,
320 657 382 688 quo
402 648 511 679 melius
530 647 704 689 intelligas,
722 658 778 679 cur
797 645 972 684 ἆσυνδέτως
984 647 1063 680 haec
1076 649 1158 680 dicta
1176 649 1318 689 opinetur
1336 649 1415 681 alter
1434 648 1545 680 scholi-

230 697 330 734 astes)
352 693 446 731 ὅταν,
466 697 561 735 φησι,
581 694 682 725 πολλὰ
702 694 927 736 διαπράξηται,
948 693 1019 729 τότε
1037 696 1082 730 εἰς
1094 694 1228 735 μεγάλην
1245 693 1382 735 ἀνάγκην
1399 696 1546 735 ἐμπίπτει

230 740 281 771 διὰ
300 742 353 779 τῆς
377 739 488 780 ὕβρεως
516 741 675 781 ἐπαρθείς·
701 743 795 772 τοῦτο
821 741 878 781 γὰρ
905 744 1049 780 σημαίνει
1074 741 1110 772 τὸ
1131 739 1308 781 &moratur
1332 741 1545 780 εἰςαναβάς

229 784 392 827 ἀπότομον
412 784 550 828 ὤρουσεν
568 787 612 823 εἰς
632 784 781 827 ἀνάγκαν.
802 787 916 819 —lam
929 787 982 829 qui
1002 789 1125 820 tertium
1138 788 1279 820 scholion
1297 788 1432 829 scripsit,
1454 788 1544 821 cuius

228 835 349 866 initium
376 840 425 865 est
450 832 552 875 ὕβρις,
579 837 675 876 φησί,
700 836 795 875 μηδὲν
821 837 958 875 καίριον,
986 836 1086 874 potuit
1111 836 1234 876 quidem
1261 836 1346 872 fieri,
1372 841 1407 866 ut
1432 836 1465 866 in
1485 844 1544 865 suo

228 882 395 919 exemplari
414 881 530 918 legeret
556 878 805 920 εἰςαναβιβᾰσαέ
835 882 884 911 vel
910 883 1003 911 etiam
1030 878 1261 921 εῑςαναβάσασ’,
1289 898 1325 903 -
1353 882 1435 911 unde
1462 881 1544 911 enim

228 927 399 958 decernas?
419 943 456 949 -
477 927 575 966 potuit
597 937 670 958 vero
689 928 799 966 etiam,
820 932 854 959 ut
873 928 972 966 idem,
998 928 1082 968 quod
1102 937 1159 959 nos
1178 927 1324 969 legimus,
1352 923 1542 967 εῖςαναβᾶὄ,

228 975 271 1005 ita
291 974 432 1014 quidem,
458 975 486 1005 si
512 975 675 1005 transitivo
695 985 791 1007 sensu
815 975 875 1007 hoc
896 976 1106 1015 participium,
1134 976 1215 1006 sicut
1241 976 1369 1006 verbum
1394 972 1542 1014 ὄρουσεν,

226 1022 414 1058 accipiebat,
433 1030 537 1050 errore
557 1030 632 1051 sane
654 1031 711 1051 nec
730 1022 807 1051 miro
827 1022 991 1051 admodum
1011 1030 1070 1052 nec
1095 1020 1264 1060 singulari,
1288 1021 1437 1061 siquidem
1458 1022 1542 1060 apud

226 1066 393 1097 Homerum
421 1076 543 1107 quoque
571 1068 686 1107 Odyss.
710 1074 746 1108 ψ,
765 1068 814 1098 52.
836 1068 951 1097 aoristo
978 1067 1124 1106 ἐπιβῆτον
1143 1066 1328 1098 scholiastes
1343 1067 1541 1100 transitivam

227 1114 334 1143 tribuit
352 1118 553 1152 potestatem,
580 1115 674 1153 idque
700 1114 816 1143 nostris
843 1114 934 1144 etiam
959 1113 1136 1143 hominibus
1157 1123 1252 1152 quum
1277 1113 1349 1145 aliis
1369 1119 1433 1144 tum
1454 1114 1542 1144 Butt-

227 1170 339 1190 manno
365 1160 529 1198 persuasit.
572 1159 642 1188 Vid.
669 1158 762 1188 huius
789 1159 843 1189 Gr.
870 1168 916 1197 gr.
945 1159 1083 1196 ampliss.
1111 1158 1147 1188 T.
1168 1158 1204 1187 ll.
1231 1167 1262 1197 p.
1282 1159 1331 1189 87.
1360 1159 1407 1188 ed.
1438 1159 1463 1194 l.v
1499 1161 1541 1188 At

226 1206 300 1245 quid
320 1205 442 1235 induxit
462 1206 553 1240 eum,
566 1209 599 1234 ut
613 1204 842 1243 „planissimam
856 1203 939 1234 illam
952 1213 1080 1234 vocem«
1095 1204 1142 1234 sic
1154 1204 1425 1243 interpretaretur?
1459 1205 1541 1239 Quid

225 1262 300 1283 vero
327 1251 416 1290 illos,
443 1256 479 1283 ut
505 1251 544 1283 de
569 1260 684 1292 genere
710 1251 883 1283 masculino
910 1251 1039 1282 eandem
1058 1260 1167 1282 vocem
1187 1252 1377 1291 acciperent,
1403 1252 1477 1283 licet
1493 1253 1540 1283 ita

225 1296 401 1330 ἀσύνδετον
420 1299 488 1328 fieri
507 1299 677 1329 orationem
697 1298 925 1338 intelligerent?
967 1297 1121 1328 Videlicet
1140 1298 1223 1337 quod
1243 1299 1394 1329 audacius
1414 1300 1539 1330 videba-

226 1351 276 1375 tur
296 1346 386 1375 bonis
404 1344 597 1382 hominibus,
624 1344 821 1375 Insolentiam
847 1344 909 1374 dici
935 1344 975 1374 ad
995 1352 1149 1374 summum
1167 1343 1325 1384 fastigium
1344 1351 1482 1376 evectam
1508 1346 1540 1376 in

224 1401 372 1432 praeceps
392 1391 522 1428 deserri3
547 1391 620 1422 hinc
647 1391 700 1422 alii
725 1396 909 1431 tyrannum,
936 1400 1031 1430 quum
1052 1391 1199 1422 verticem
1218 1392 1430 1429 escendisset,
1457 1393 1539 1423 deci-

225 1440 316 1476 dere,
347 1439 401 1470 alii
425 1439 625 1469 Insolentiam
650 1447 722 1469 eum
747 1438 878 1469 evehere
907 1443 1111 1477 evectumque
1132 1439 1300 1469 deturbare
1329 1439 1391 1469 dici
1421 1440 1538 1478 opinati

225 1489 308 1516 sunt.
349 1484 451 1524 Atque
470 1493 510 1516 ex
529 1484 606 1520 hac,
626 1484 739 1520 credo,
759 1484 977 1523 interpretandi
997 1484 1128 1519 ratione,
1147 1494 1211 1515 non
1230 1494 1270 1515 ex
1289 1485 1415 1525 antiqua
1434 1486 1538 1526 aliqua

223 1531 374 1567 lectione,
401 1532 549 1571 originem
576 1531 670 1562 traxit
702 1531 755 1562 illa
781 1530 850 1561 Par.
878 1531 994 1562 codicis
1025 1531 1178 1570 scriptura
1210 1528 1469 1571 εἰςαναβιβιὶσασ’.
1498 1550 1535 1555 -

225 1579 377 1612 Quartum
397 1578 529 1617 denique
555 1578 695 1608 scholion
722 1577 798 1608 nihil
823 1582 889 1613 est,
916 1577 945 1607 si
971 1577 1046 1617 quid
1071 1578 1182 1614 video,
1208 1578 1271 1608 nisi
1290 1578 1388 1609 altera
1406 1579 1537 1610 secundi

224 1624 333 1655 scholii
355 1634 444 1665 pars.
486 1624 577 1655 Certe
602 1625 731 1655 eandem
757 1625 786 1655 ei
816 1624 988 1656 lectionem>
1008 1623 1169 1664 εῑςαναβᾶς
1198 1625 1369 1657 subiectam
1397 1635 1469 1657 esse
1497 1636 1537 1657 ex

225 1672 322 1703 relato
348 1673 388 1702 ad
414 1672 587 1703 subiectum
608 1672 693 1702 verbi
713 1668 852 1711 ὄρουσεν
876 1671 1059 1711 pronomine
1084 1672 1255 1702 masculino
1275 1668 1374 1703 αῧτόν
1400 1677 1536 1711 apparet.

320 1718 402 1749 llaec
428 1719 456 1749 si
483 1722 566 1749 recte
592 1728 612 1749 a
637 1727 686 1749 me
711 1718 866 1756 disputata
891 1723 983 1755 sunt,
1009 1723 1127 1750 certum
1153 1723 1201 1749 est
1220 1719 1281 1749 iam
1301 1718 1536 1750 scholiastarum

224 1766 378 1796 aetatibus
404 1766 435 1796 in
461 1765 551 1796 libris
577 1764 676 1795 fuisse
705 1764 984 1802 ΕΙΣΑΝΑΒΑΣ,
1013 1765 1162 1796 incertum
1191 1769 1311 1803 autem,
1341 1774 1414 1796 num
1444 1766 1536 1797 etiam

224 1808 470 1851 είςαναβιβάσασ’
499 1812 548 1843 vel
575 1807 803 1851 etgavassdaao’.
850 1813 913 1842 Sed
946 1813 988 1842 sit
1015 1813 1156 1852 quamvis
1182 1818 1318 1849 certum,
1351 1812 1444 1844 fuerit
1475 1814 1536 1842 ista

224 1860 256 1889 in
276 1859 514 1890 scholiastarum
539 1859 627 1889 libris
653 1859 824 1898 scripturae
851 1859 1072 1898 discrepantia,
1099 1868 1254 1898 nunqnam
1279 1864 1381 1890 tamen
1408 1867 1534 1899 persua-

226 1906 291 1936 deri
311 1904 384 1936 mihi
405 1904 515 1944 patiar,
537 1914 556 1935 a
575 1912 665 1944 poeta
686 1905 761 1936 illud
782 1902 999 1944 εῖςαναβοὲσασ’
1016 1906 1185 1946 profectum
1204 1915 1283 1938 esse.
1310 1906 1389 1937 Nam
1404 1906 1533 1945 primum
