1759 2481
793 106 840 140 25

251 208 401 256 fluv.
439 211 489 242 De
499 211 688 250 repetitione
713 211 848 243 nominis
866 215 992 251 totaque
1015 211 1164 242 orationis
1189 212 1411 252 compositione
1430 213 1469 243 cl.

286 264 342 290 vW.
361 258 431 291 554.
453 267 554 298 seqq.=
576 256 598 289 ἃ
617 262 720 290 τοῖσιν
733 256 919 299 Ἀργείοισιν
939 254 1021 298 ἀμφὶ
1040 259 1099 289 σοῦ
1119 260 1176 289 νέα
1194 256 1370 298 βουλεύματ’
1393 258 1469 291 ἐστί·

162 302 217 336 κοῦ
236 302 335 345 μόνον
352 303 557 344 βουλεύματα,
578 302 642 336 ἀλλ’
665 305 737 346 ἔργα
755 301 893 346 δρώμεν’,
914 302 1015 336 οὐκέτ’
1038 303 1254 346 ἐξαργυύμενα.

447 534 629 580 oedip.
647 534 715 573 R.
738 541 783 573 v.
806 532 947 573 1349
970 549 1018 560 -
1040 531 1191 572 1:353.

344 622 475 657 ''Ol-⁰13²
498 624 578 661 ὅςτις
596 622 646 666 ἦν,
666 624 701 662 ὃς
720 623 774 657 ἄπ’
795 622 902 667 ἇγρίας
920 626 1018 660 πέδας

355 670 489 710 νομάδας
509 672 677 708 ἐπιποδίας
696 673 804 704 ἔλυσεν
823 670 891 703 ἇπό
909 684 944 703 τε
963 670 1064 712 φόνου

354 716 460 757 ἕρῤυτο
479 716 666 755 κᾶνέσωσεν,
686 716 778 749 οὗόἑν
796 718 828 753 ἐς
846 716 938 760 χάριν
956 715 1117 758 πράσσων.

244 803 449 834 Numerorum
468 804 592 840 vitium,
619 804 701 843 quod
720 809 770 834 est
788 805 819 833 in
838 795 935 843 primo
954 804 1064 834 horum
1083 812 1245 840 versuum,
1271 804 1369 834 eiecta
1388 814 1475 844 prae-

168 848 318 887 positione
344 847 410 880 ἆπό
436 851 558 880 sanavit
577 850 759 887 Triclinias,
787 860 876 889 quem
901 850 1039 890 plerique
1065 849 1304 880 novissimorum
1323 851 1474 881 editorum

167 896 264 927 secuti
285 901 366 934 sunt,
387 906 426 927 ex
439 896 702 936 interpretatione,
721 902 756 927 ut
767 897 899 935 videtur,
919 896 1177 936 praepositionem
1197 897 1409 928 existimantes
1428 898 1474 928 in-

168 948 284 973 trusam
303 952 385 974 esse.
411 943 519 975 Potest
531 952 607 974 sane
625 944 670 974 ita
681 943 795 974 factum
814 953 896 981 esse,
916 948 1018 983 potest
1036 953 1111 973 vero
1124 943 1218 973 etiam
1237 944 1294 979 ita,
1313 950 1359 980 ut,
1380 955 1474 984 quum

169 1020 326 1059 antiquum
345 1025 430 1051 esset
447 1017 476 1059 μ’
505 1017 629 1060 ἀγρίας,
655 1021 687 1051 id
705 1020 912 1060 negligentius
931 1021 978 1052 sic
1003 1020 1148 1060 seriptum
1169 994 1274 1061 qutag
1300 1030 1320 1052 a
1338 1020 1473 1051 librariis

825 1070 852 1088 n·

168 1097 261 1128 solito
280 1098 515 1136 praepositionis
536 1094 600 1127 ἀπὸ
620 1098 801 1136 compendio
827 1108 848 1126 α
867 1097 900 1126 in
919 1106 1054 1126 errorem
1073 1097 1207 1127 inductis
1227 1095 1280 1127 ἀπ’
1307 1095 1412 1136 ἀγρίας
1432 1099 1474 1127 le-

167 1148 306 1181 geretur,
333 1151 501 1181 pronomen
528 1149 627 1172 autem
654 1140 683 1180 ,u’
704 1142 764 1172 hoc
783 1152 859 1172 casu
878 1143 1039 1180 expulsum
1064 1142 1133 1172 loco
1152 1144 1256 1173 minus
1279 1149 1350 1181 apto
1371 1145 1403 1173 in
1428 1153 1476 1173 se-

169 1188 274 1227 quenti
299 1197 394 1218 versu
420 1189 617 1219 insereretur.
657 1188 737 1218 Hinc
763 1188 841 1217 mira
867 1187 923 1217 illa
948 1188 1117 1227 scripturae
1143 1188 1356 1229 discrepantia,
1374 1195 1404 1219 et
1430 1190 1475 1219 in-

169 1240 253 1265 certa
272 1235 305 1265 in
318 1235 406 1266 libris
419 1235 609 1274 pronominis
623 1235 725 1271 sedes,
746 1234 817 1265 aliis
831 1234 921 1265 ἔλυσέ
932 1230 976 1272 μ’,
996 1234 1067 1265 aliis
1081 1231 1159 1265 ἕλκ’
1177 1232 1234 1272 ἔμ’,
1254 1236 1325 1265 aliis
1337 1232 1476 1274 p‘z‘zvc’,

168 1281 240 1312 aliis
259 1281 391 1321 denique
415 1286 446 1311 et
464 1280 621 1320 plerisque
640 1281 763 1320 quidem
787 1281 904 1310 omisso
922 1281 1103 1319 pronomine
1123 1280 1231 1310 ἔλυσεν
1250 1281 1476 1312 exhibentibus.

168 1326 242 1358 Alio
267 1328 398 1367 pertinet
422 1327 575 1366 scriptura
601 1326 690 1366 ἔλαβέ
713 1323 758 1366 μ’,
784 1327 822 1357 de
849 1336 911 1366 qua
935 1326 1038 1365 paullo
1064 1331 1135 1366 post
1160 1328 1335 1358 accuratius
1365 1328 1475 1359 dicam.

169 1375 325 1406 Restituto
355 1375 450 1414 igitur
480 1374 660 1413 pronomine
672 1396 684 1410 ‚
720 1379 752 1404 et
784 1375 878 1404 verbo
910 1372 1036 1409 ἔλυσεν,
1073 1374 1155 1412 quod
1184 1374 1261 1403 nulli
1292 1375 1477 1405 usitatorum

169 1430 364 1452 numerorum
378 1421 483 1459 generi
502 1420 762 1450 accommodatum
781 1425 839 1456 est,
860 1420 892 1448 in
912 1415 991 1449 ἕλυιῖ
1006 1424 1135 1454 mutato,
1153 1419 1186 1449 hi
1198 1420 1337 1450 existunt
1348 1429 1476 1450 versus:

351 1461 476 1497 ’'02013’
499 1464 578 1502 ὅςτις
598 1462 654 1506 ἦν,
674 1464 707 1501 ὅς
726 1462 754 1505 μ’
777 1462 884 1506 ἀγρίας
901 1465 1000 1501 πέδας

358 1511 493 1552 νομάδας
512 1513 680 1548 ἐπιποδίας
699 1509 777 1544 isam?
800 1509 867 1543 ἀπό
884 1522 919 1542 τε
937 1510 1038 1552 φόνου
1058 1518 1116 1543 ete.

172 1561 331 1591 Sententia
351 1560 442 1597 bona,
462 1560 535 1590 boni
555 1561 674 1590 numeri
693 1569 793 1600 neque
811 1559 1012 1590 abhorrentes
1032 1569 1051 1589 a
1067 1559 1207 1598 stropha,
1227 1565 1261 1590 ut
1274 1560 1395 1599 quidem
1408 1570 1478 1599 pro-

172 1606 313 1638 babiliter
330 1606 472 1638 restituta
489 1611 539 1636 est
557 1607 596 1637 ab
616 1606 812 1637 Hermanno:

354 1650 515 1683 Ἀπόλλων
533 1649 604 1683 w'd'
626 1649 682 1692 ἦν,
697 1649 874 1690 Ἀπόλλων,
888 1650 994 1693 φίλοι,

360 1695 377 1730 ὃ
398 1698 475 1729 κακὰ
493 1696 564 1729 τάδ’
588 1698 646 1738 ἐμὰ
664 1700 778 1735 τελῶν,
798 1698 877 1729 κακὰ
894 1696 967 1729 τάδ’
990 1697 1049 1738 ἐμὰ
1068 1696 1186 1730 πάθεα.

174 1747 382 1777 Nihilominus
408 1751 510 1777 tamen
535 1746 754 1776 dubitationem
774 1751 877 1777 movet
895 1746 988 1786 longa
1014 1747 1100 1776 verbi
1121 1741 1199 1776 ἕλυέ
1220 1745 1358 1784 syllaba,
1385 1754 1479 1785 quum

173 1794 206 1825 in
226 1792 353 1834 stropha
370 1792 449 1824 haec
474 1793 554 1824 arsis
574 1793 677 1824 soluta
697 1793 738 1824 sit
756 1802 857 1834 neque
876 1798 990 1824 temere
1009 1793 1149 1824 videatur
1170 1793 1203 1823 in
1221 1791 1282 1824 hoc
1300 1792 1479 1825 melioomm

174 1842 343 1872 iamborum
362 1849 475 1880 genere
499 1839 616 1871 arsium
635 1840 749 1871 solutio
774 1845 829 1871 aut
847 1840 965 1871 admitti
991 1845 1045 1871 aut
1063 1839 1178 1879 negligi
1198 1849 1302 1879 posse.
1341 1840 1409 1870 Huc
1428 1848 1481 1870 ac·

175 1888 257 1917 cedit
275 1886 456 1926 antiquioris
475 1887 644 1926 scripturae
662 1887 809 1917 indicium
828 1886 944 1917 codicis
964 1886 1068 1925 optimi
1082 1886 1175 1916 Laut.
1197 1896 1225 1916 a.
1245 1892 1276 1916 et
1295 1885 1481 1916 scholiastae
