1759 2481
893 108 938 141 1⁰

254 215 440 247 stultissimo
467 213 608 245 consilio.
651 213 745 253 ldque
770 213 873 252 ipsum
900 213 932 243 in
959 212 1144 252 Antigonam
1171 211 1281 244 cadere
1309 211 1471 252 aequiores
1497 213 1567 245 eius

253 264 374 295 iudices
394 262 508 293 chorus
528 266 559 292 et
578 261 700 291 lsmena
718 261 957 298 arbitrabantur,
978 259 1141 291 laudantes
1162 259 1286 300 quidem
1305 259 1464 299 pietatem,
1485 261 1565 291 vitu-

254 315 398 349 perantes
418 314 519 339 autem
539 308 738 338 temeritatem
758 313 789 337 et
809 308 1034 346 arrogantiam,
1061 311 1095 336 ut
1114 316 1144 336 v.
1165 306 1214 338 98.
1234 316 1299 346 seq.
1319 307 1412 337 τοῦτο
1433 303 1464 336 δ’
1486 304 1567 343 ἴσθ’,

255 354 304 386 ὅτι
324 353 420 390 ἄνους
438 356 496 394 μὲν
516 353 607 394 ἔρχει,
627 357 693 389 τοῖς
712 355 815 395 φίλοις
834 350 864 383 δ’
888 350 990 393 ὄρθῶς
1010 353 1092 393 φίλη.
1115 369 1151 376 -
1182 352 1284 383 Aliam
1303 355 1385 385 viam
1405 354 1567 393 ingressus

255 402 423 433 Triclinius
442 401 572 432 artificio
593 402 727 441 quodam
747 401 985 432 constructionis
1004 401 1133 431 eandem
1152 400 1242 431 istam
1256 401 1439 432 sententiam
1454 400 1566 431 elicere

254 449 376 484 studet,
401 449 512 478 iubens
537 448 718 486 particulam
746 444 779 478 εὖ
806 457 876 477 curn
901 447 997 477 verbo
1024 446 1153 485 ἐτίμησα
1178 447 1332 486 coniungi.
1373 447 1475 486 Atque
1493 454 1566 477 eon-

253 495 424 525 cedendum
454 503 530 525 sane
558 494 699 533 potuisse
727 494 766 524 ab
796 494 992 524 auditoribus
1021 493 1064 523 ita
1093 493 1190 523 verba
1218 492 1364 532 intelligi,
1394 494 1421 523 si
1452 493 1498 524 sic
1527 494 1565 523 ab

252 541 404 572 histrione
431 541 730 580 pronunciabantur:
758 541 859 570 καίτοι
885 536 912 571 o·²
940 539 997 577 ἐγώ
1019 536 1148 579 ’τίμησα
1174 556 1212 562 -
1239 542 1305 574 ἰὀῖς
1329 540 1502 580 φρονοῦσιν
1530 556 1565 563 ·—

255 584 307 623 εὖ,
335 593 485 628 eruntque
509 587 661 623 fortasse,
689 587 801 625 quibus
827 587 867 617 ob
893 587 924 616 id
950 587 1053 626 ipsum
1078 587 1198 626 placeat
1223 586 1275 616 hic
1292 587 1456 617 verborum
1476 587 1563 623 ordo,

254 634 338 673 quod
364 644 427 664 vox
453 643 508 670 ea,
535 644 596 673 qua
621 639 715 672 caput
741 634 914 664 continetur
940 633 1128 671 sententiae,
1155 634 1202 664 sic
1227 633 1260 663 in
1279 632 1341 663 fine
1367 633 1515 664 orationis
1535 638 1566 662 et

253 685 325 720 post
354 690 480 719 pausam
511 680 681 717 collocata,
711 681 876 720 praecipua
906 690 977 711 cum
1005 680 1038 710 vi
1071 680 1104 710 in
1137 680 1368 720 pronunciando
1398 679 1565 714 extollitur,

254 727 344 757 cuius
371 727 582 757 collocationis
608 727 785 765 exemplum
811 728 965 766 geminum
994 731 1097 756 exstat
1125 727 1158 757 in
1189 727 1265 757 Oed.
1294 726 1359 757 Col.
1386 736 1417 756 v.
1443 726 1511 757 642.
1540 720 1568 754 ω’

256 773 336 808 Ζεῦ,
363 773 479 811 ὅιδοίης
504 775 587 802 τοῖσι
613 770 805 802 τοιούτοισιν
824 769 870 803 εὖ.
912 772 1030 802 Verum
1049 781 1088 803 ue
1107 773 1361 811 conquiescamus
1380 772 1413 802 in
1432 771 1491 802 hac
1513 781 1564 802 ex-

254 819 389 857 plicandi
407 819 540 855 ratione,
560 828 653 858 quum
674 818 803 849 durities
823 818 983 849 dissuadet
1003 819 1255 855 constructionis,
1275 828 1337 858 qua
1355 819 1451 849 verba
1470 818 1565 849 divel-

254 865 359 896 luntur
385 865 563 896 solemniter
587 865 651 895 fere
677 866 842 896 coniuncta
867 866 1041 905 φρονοῦσιν
1067 861 1121 902 εὖ,
1146 870 1211 896 tum
1236 866 1305 905 ipsa
1330 866 1473 896 admonet
1491 867 1567 896 scri-

254 918 364 951 pturae
390 913 423 942 in
449 912 561 942 melius
587 912 751 942 mutandae
776 911 919 943 facilitas
962 912 1075 942 Omnia
1101 912 1184 943 enim
1204 913 1281 943 bene
1300 917 1443 952 recteque
1462 921 1567 951 proce-

256 958 341 997 dent,
363 959 391 988 si
410 959 574 997 scripseris

446 1007 547 1035 καίτοι
568 1006 604 1035 σέ
623 1002 645 1042 γ’
669 1001 702 1035 εὖ
724 1001 853 1044 ’τίμησα
872 1008 938 1040 τοῖς
958 1005 1128 1044 φρονοῦσιν
1148 1001 1200 1040 εὖ,
1356 1026 1363 1030 -

256 1052 285 1081 id
308 1056 371 1082 est:
399 1061 629 1090 quamquam
657 1057 693 1081 te
720 1052 873 1090 quidem
893 1057 1002 1081 recte
1021 1051 1217 1080 honoravi
1243 1050 1395 1081 iudicio
1418 1060 1569 1087 eorum,

256 1098 321 1138 qui
348 1102 458 1128 recte
484 1098 655 1136 sapiunt.
698 1097 801 1128 Habes
831 1098 978 1133 verbum,
1008 1097 1091 1137 quod
1122 1097 1154 1127 in
1178 1096 1305 1136 vulgata
1333 1097 1487 1137 scriptura
1515 1104 1569 1129 aut

256 1145 489 1175 desiderabatur
509 1149 562 1173 ant
582 1144 613 1173 vi
635 1144 878 1183 extorquendum
898 1149 976 1179 erat,
996 1153 1058 1182 quo
1077 1149 1160 1173 recte
1179 1143 1351 1174 honoratus
1370 1143 1465 1174 stater
1487 1145 1568 1174 dice-

255 1196 355 1225 retur-5
382 1190 478 1220 habes
497 1191 642 1225 eandem,
671 1199 749 1228 quae
769 1190 801 1219 in
822 1189 961 1219 Triclinii
981 1190 1100 1219 ratione
1120 1189 1278 1228 placebat,
1306 1192 1385 1226 vim,
1412 1199 1474 1220 nou
1500 1200 1568 1229 per-

256 1237 348 1277 plexa
367 1236 451 1266 illam
470 1236 698 1267 constructione
717 1235 867 1274 effectam,
887 1237 944 1267 sed
963 1236 1046 1267 iusta
1058 1237 1222 1268 verborum
1235 1237 1438 1269 collocatione
1458 1244 1568 1277 sponte

256 1285 474 1323 prodeuntem,
501 1292 631 1322 eamque
656 1288 777 1313 auctam
804 1284 895 1314 etiam
921 1284 1082 1314 iteratione
1113 1284 1282 1323 particulae
1308 1280 1361 1320 εὖ,
1390 1294 1452 1315 non
1478 1284 1569 1315 infre-

257 1331 364 1370 quenti
385 1330 506 1369 quidem
527 1329 653 1368 tragicis
673 1329 734 1367 (cf.
755 1329 836 1360 infra
856 1339 886 1360 v.
909 1330 996 1361 1031.
1016 1326 1050 1360 εὖ
1072 1338 1123 1360 σοι
1143 1328 1300 1370 φρονήσας
1320 1326 1355 1361 εὖ
1374 1331 1459 1369 λέγω.
1500 1331 1570 1362 Phi-

256 1377 328 1408 loct.
349 1386 379 1407 v.
399 1376 468 1408 672.
495 1374 575 1410 ὅςτις
600 1374 657 1415 γὰρ
685 1371 720 1406 εὖ
746 1376 824 1416 δρᾶν
849 1372 884 1407 εὖ
910 1374 1029 1407 παθῶν
1054 1376 1230 1408 ἐπίσταται.
1271 1377 1384 1408 Aesch.
1410 1378 1519 1417 Agam.
1541 1388 1572 1409 v.

257 1424 325 1455 486.
347 1419 380 1453 εὖ
401 1421 457 1462 γὰρ
476 1421 553 1462 πρὸς
574 1418 609 1452 εὖ
629 1425 758 1462 φανεῖσι
777 1420 931 1462 προςθῆκη
951 1423 1050 1453 πέλοι.
1090 1423 1220 1454 Eumen.
1240 1433 1271 1454 v.
1291 1424 1361 1455 830.
1381 1421 1417 1455 εὖ
1436 1425 1569 1464 δρῶσαν,

258 1465 293 1499 εὖ
312 1465 521 1504 πάσχουσαν,
547 1464 582 1498 εὖ
600 1469 785 1507 τιμωμένην.
826 1468 936 1507 Suppl.
956 1478 986 1499 v.
1007 1469 1076 1499 216.
1097 1466 1167 1499 ἀλλ’
1190 1465 1226 1500 εὖ
1244 1466 1271 1500 τ’
1298 1469 1458 1511 ἔπεμψεν,
1483 1466 1518 1500 εὖ
1536 1481 1572 1501 τε

258 1512 401 1551 δεξάσθω
427 1515 568 1553 χθονί.),·
593 1514 690 1546 habes
717 1515 867 1555 denique,
898 1515 981 1555 quod
1006 1514 1039 1546 in
1064 1515 1191 1556 vulgata
1215 1526 1278 1548 non
1303 1525 1484 1556 expressum
1510 1523 1569 1554 est,

259 1562 388 1601 exprimi
409 1566 512 1592 autem
532 1571 609 1601 pene
628 1567 677 1593 est
696 1563 922 1600 necessarium,
950 1563 1124 1602 oppositum
1149 1573 1205 1603 per
1229 1565 1262 1601 γὲ
1288 1564 1471 1604 particulam
1498 1573 1570 1595 con—

258 1610 324 1649 iugi
350 1614 381 1639 et
406 1608 514 1639 liberis
538 1608 673 1641 fratrem.
713 1609 782 1640 Hoc
810 1610 891 1640 enim
922 1609 997 1640 dicit
1025 1610 1203 1650 Antigona:
1233 1615 1265 1641 te
1293 1610 1418 1649 quidem
1445 1610 1570 1642 statrem

260 1661 342 1686 recte
367 1655 536 1693 honoravi,
563 1655 678 1688 liberos
703 1660 807 1688 autem
832 1661 886 1687 aut
911 1658 1071 1698 coniugem
1098 1658 1126 1688 si
1153 1658 1259 1687 eodem
1280 1662 1443 1696 prosecuta
1468 1666 1569 1688 essem

259 1703 395 1737 honore,
419 1702 523 1732 minus
550 1707 633 1733 recte
658 1702 809 1733 fecissem.
850 1703 958 1744 anue
982 1704 1086 1735 omnia
1112 1704 1206 1734 unius
1223 1703 1332 1734 literae
1358 1715 1383 1733 ω
1401 1704 1568 1735 mutatione

259 1749 419 1779 consecuti
439 1757 565 1785 sumus,
593 1758 684 1787 quam
703 1749 823 1779 literam
844 1759 913 1780 cum
935 1750 1122 1789 diphthongo
1143 1759 1176 1779 ευ
1196 1748 1342 1780 confundi
1360 1749 1450 1781 facile
1473 1759 1566 1790 posse

259 1803 299 1872 gx
325 1794 396 1834 ipso
404 1802 527 1872 [aarum
552 1795 711 1826 literarum
732 1795 827 1826 ductu
846 1796 1047 1835 conspicuum
1070 1801 1127 1827 est.
1169 1795 1215 1827 cf.
1238 1794 1393 1828 Schaefer.
1414 1798 1453 1828 ad
1475 1797 1568 1836 Greg.

286 1851 331 1873 or.
352 1851 384 1881 p.
465 1863 473 1871 .
