<?xml version="1.0" encoding="UTF-8"?>
<!DOCTYPE html PUBLIC "-//W3C//DTD XHTML 1.0 Transitional//EN"
    "http://www.w3.org/TR/xhtml1/DTD/xhtml1-transitional.dtd">
<html xmlns="http://www.w3.org/1999/xhtml" xml:lang="en" lang="en">
 <head>
  <title>
</title>
<meta http-equiv="Content-Type" content="text/html;charset=utf-8" />
  <meta name='ocr-system' content='tesseract 3.04.00' />
  <meta name='ocr-capabilities' content='ocr_page ocr_carea ocr_par ocr_line ocrx_word'/>
</head>
<body>
  <div class='ocr_page' id='page_1' title='image "4625108_0051.png"; bbox 0 0 1759 2481; ppageno 0'>
   <div class='ocr_carea' id='block_1_1' title="bbox 847 159 892 194">
    <p class='ocr_par' dir='ltr' id='par_1_1' title="bbox 847 159 892 194">
     <span class='ocr_line' id='line_1_1' title="bbox 847 159 892 194; baseline -0.022 0"><span class='ocrx_word' id='word_1_1' title='bbox 847 159 892 194; x_wconf 82' lang='lat'><strong>41</strong></span> 
     </span>
    </p>
   </div>
   <div class='ocr_carea' id='block_1_2' title="bbox 780 206 963 212">
    <p class='ocr_par' dir='ltr' id='par_1_2' title="bbox 780 206 963 212">
     <span class='ocr_line' id='line_1_2' title="bbox 780 206 963 212; baseline 0 0"><span class='ocrx_word' id='word_1_2' title='bbox 780 206 963 212; x_wconf 95' lang='lat' dir='ltr'><strong> </strong></span> 
     </span>
    </p>
   </div>
   <div class='ocr_carea' id='block_1_3' title="bbox 216 259 1523 768">
    <p class='ocr_par' dir='ltr' id='par_1_3' title="bbox 216 259 1523 628">
     <span class='ocr_line' id='line_1_3' title="bbox 217 259 1521 306; baseline -0.002 -11"><span class='ocrx_word' id='word_1_3' title='bbox 217 264 382 304; x_wconf 75' lang='lat' dir='ltr'><strong>cog-taphi,</strong></span> <span class='ocrx_word' id='word_1_4' title='bbox 405 265 513 295; x_wconf 87' lang='lat' dir='ltr'><strong>eadem</strong></span> <span class='ocrx_word' id='word_1_5' title='bbox 538 263 659 294; x_wconf 81' lang='lat' dir='ltr'><strong>ratione</strong></span> <span class='ocrx_word' id='word_1_6' title='bbox 684 271 703 292; x_wconf 93' lang='lat' dir='ltr'><strong>e</strong></span> <span class='ocrx_word' id='word_1_7' title='bbox 728 262 852 294; x_wconf 83' lang='lat' dir='ltr'><strong>nomine</strong></span> <span class='ocrx_word' id='word_1_8' title='bbox 877 259 977 298; x_wconf 77' lang='grc' dir='ltr'><strong><em>ἆθλος</em></strong></span> <span class='ocrx_word' id='word_1_9' title='bbox 1001 262 1172 306; x_wconf 51' lang='lat' dir='ltr'><strong>derivatum</strong></span> <span class='ocrx_word' id='word_1_10' title='bbox 1198 267 1264 298; x_wconf 85' lang='lat' dir='ltr'><strong>est,</strong></span> <span class='ocrx_word' id='word_1_11' title='bbox 1290 272 1353 303; x_wconf 88' lang='lat' dir='ltr'><strong>qua</strong></span> <span class='ocrx_word' id='word_1_12' title='bbox 1378 271 1396 293; x_wconf 94' lang='lat' dir='ltr'><strong>e</strong></span> <span class='ocrx_word' id='word_1_13' title='bbox 1422 262 1521 302; x_wconf 70' lang='grc' dir='ltr'><strong><em>πατὴρ</em></strong></span> 
     </span>
     <span class='ocr_line' id='line_1_4' title="bbox 216 304 1523 349; baseline 0 -10"><span class='ocrx_word' id='word_1_14' title='bbox 216 307 415 349; x_wconf 75' lang='grc' dir='ltr'><strong><em>ὁμοπάτριος,</em></strong></span> <span class='ocrx_word' id='word_1_15' title='bbox 436 319 455 340; x_wconf 88' lang='lat' dir='ltr'><strong>e</strong></span> <span class='ocrx_word' id='word_1_16' title='bbox 472 307 572 348; x_wconf 76' lang='grc' dir='ltr'><strong><em>βωμὸς</em></strong></span> <span class='ocrx_word' id='word_1_17' title='bbox 592 304 779 347; x_wconf 76' lang='grc' dir='ltr'><strong><em>ὄμοβῶμιος,</em></strong></span> <span class='ocrx_word' id='word_1_18' title='bbox 799 317 817 338; x_wconf 89' lang='lat' dir='ltr'><strong>e</strong></span> <span class='ocrx_word' id='word_1_19' title='bbox 836 306 955 348; x_wconf 79' lang='grc' dir='ltr'><strong><em>δόρπον</em></strong></span> <span class='ocrx_word' id='word_1_20' title='bbox 974 304 1160 349; x_wconf 67' lang='grc' dir='ltr'><strong><em>ὃμῖδδὸρπιος</em></strong></span> <span class='ocrx_word' id='word_1_21' title='bbox 1179 313 1210 339; x_wconf 85' lang='lat' dir='ltr'><strong>et</strong></span> <span class='ocrx_word' id='word_1_22' title='bbox 1229 308 1292 338; x_wconf 76' lang='lat' dir='ltr'><strong>alia</strong></span> <span class='ocrx_word' id='word_1_23' title='bbox 1309 309 1523 340; x_wconf 73' lang='lat' dir='ltr'><strong>huiuscemodi</strong></span> 
     </span>
     <span class='ocr_line' id='line_1_5' title="bbox 217 349 1523 396; baseline -0.001 -9"><span class='ocrx_word' id='word_1_24' title='bbox 217 365 308 396; x_wconf 82' lang='lat' dir='ltr'><strong>quam</strong></span> <span class='ocrx_word' id='word_1_25' title='bbox 337 356 476 396; x_wconf 82' lang='lat' dir='ltr'><strong>plurima.</strong></span> <span class='ocrx_word' id='word_1_26' title='bbox 509 371 546 376; x_wconf 98' lang='lat'><strong>—</strong></span> <span class='ocrx_word' id='word_1_27' title='bbox 580 353 615 385; x_wconf 89' lang='lat' dir='ltr'><strong>ln</strong></span> <span class='ocrx_word' id='word_1_28' title='bbox 644 353 730 385; x_wconf 83' lang='lat' dir='ltr'><strong>hiatu</strong></span> <span class='ocrx_word' id='word_1_29' title='bbox 755 350 902 395; x_wconf 63' lang='lat' dir='ltr'><strong>‘Hpoeaeki&#39;</strong></span> <span class='ocrx_word' id='word_1_30' title='bbox 927 349 1084 395; x_wconf 71' lang='grc' dir='ltr'><strong><em>ὅμᾰθλιον</em></strong></span> <span class='ocrx_word' id='word_1_31' title='bbox 1112 359 1183 395; x_wconf 88' lang='lat' dir='ltr'><strong>post</strong></span> <span class='ocrx_word' id='word_1_32' title='bbox 1210 354 1430 395; x_wconf 79' lang='lat' dir='ltr'><strong>diphthongum</strong></span> <span class='ocrx_word' id='word_1_33' title='bbox 1459 360 1523 387; x_wconf 79' lang='lat' dir='ltr'><strong>tam</strong></span> 
     </span>
     <span class='ocr_line' id='line_1_6' title="bbox 216 399 1521 443; baseline -0.002 -8"><span class='ocrx_word' id='word_1_34' title='bbox 216 404 339 443; x_wconf 85' lang='lat' dir='ltr'><strong>plenam</strong></span> <span class='ocrx_word' id='word_1_35' title='bbox 362 402 449 433; x_wconf 83' lang='lat' dir='ltr'><strong>nulla</strong></span> <span class='ocrx_word' id='word_1_36' title='bbox 474 406 523 432; x_wconf 84' lang='lat' dir='ltr'><strong>est</strong></span> <span class='ocrx_word' id='word_1_37' title='bbox 547 401 686 433; x_wconf 78' lang='lat' dir='ltr'><strong>offensio.</strong></span> <span class='ocrx_word' id='word_1_38' title='bbox 726 401 775 432; x_wconf 76' lang='lat' dir='ltr'><strong>Cf.</strong></span> <span class='ocrx_word' id='word_1_39' title='bbox 803 401 881 432; x_wconf 87' lang='lat' dir='ltr'><strong>Oed.</strong></span> <span class='ocrx_word' id='word_1_40' title='bbox 901 401 940 432; x_wconf 81' lang='lat' dir='ltr'><strong>R.</strong></span> <span class='ocrx_word' id='word_1_41' title='bbox 960 412 991 432; x_wconf 86' lang='lat' dir='ltr'><strong>v.</strong></span> <span class='ocrx_word' id='word_1_42' title='bbox 1014 401 1099 433; x_wconf 71' lang='lat'><strong>1201.</strong></span> <span class='ocrx_word' id='word_1_43' title='bbox 1126 402 1213 432; x_wconf 77' lang='grc' dir='ltr'><strong><em>καλεῖ</em></strong></span> <span class='ocrx_word' id='word_1_44' title='bbox 1232 399 1312 441; x_wconf 78' lang='grc' dir='ltr'><strong><em>ἐμός.</em></strong></span> <span class='ocrx_word' id='word_1_45' title='bbox 1354 402 1431 433; x_wconf 82' lang='lat' dir='ltr'><strong>Oed.</strong></span> <span class='ocrx_word' id='word_1_46' title='bbox 1452 402 1521 433; x_wconf 83' lang='lat' dir='ltr'><strong>Col.</strong></span> 
     </span>
     <span class='ocr_line' id='line_1_7' title="bbox 216 444 1522 489; baseline 0.001 -10"><span class='ocrx_word' id='word_1_47' title='bbox 216 460 245 480; x_wconf 90' lang='lat' dir='ltr'><strong>v.</strong></span> <span class='ocrx_word' id='word_1_48' title='bbox 271 449 355 482; x_wconf 75' lang='lat'>1453.</span> <span class='ocrx_word' id='word_1_49' title='bbox 380 444 458 488; x_wconf 75' lang='grc' dir='ltr'><strong>ὃρᾷ,</strong></span> <span class='ocrx_word' id='word_1_50' title='bbox 485 444 553 488; x_wconf 81' lang='grc' dir='ltr'><strong>ὄρᾷ.</strong></span> <span class='ocrx_word' id='word_1_51' title='bbox 594 448 665 479; x_wconf 80' lang='lat' dir='ltr'><strong>Vid.</strong></span> <span class='ocrx_word' id='word_1_52' title='bbox 692 448 796 479; x_wconf 83' lang='lat' dir='ltr'><strong>Herm.</strong></span> <span class='ocrx_word' id='word_1_53' title='bbox 823 447 882 479; x_wconf 81' lang='lat' dir='ltr'><strong>Eu.</strong></span> <span class='ocrx_word' id='word_1_54' title='bbox 908 448 1005 479; x_wconf 82' lang='lat' dir='ltr'><strong>doetr.</strong></span> <span class='ocrx_word' id='word_1_55' title='bbox 1033 454 1120 480; x_wconf 88' lang='lat' dir='ltr'><strong>metr.</strong></span> <span class='ocrx_word' id='word_1_56' title='bbox 1139 460 1168 488; x_wconf 89' lang='lat' dir='ltr'><strong>p.</strong></span> <span class='ocrx_word' id='word_1_57' title='bbox 1188 450 1238 480; x_wconf 76' lang='lat'><strong>⁴9.</strong></span> <span class='ocrx_word' id='word_1_58' title='bbox 1280 448 1428 489; x_wconf 80' lang='lat' dir='ltr'><strong>Alioquin</strong></span> <span class='ocrx_word' id='word_1_59' title='bbox 1447 450 1522 480; x_wconf 76' lang='lat' dir='ltr'><strong>seri-</strong></span> 
     </span>
     <span class='ocr_line' id='line_1_8' title="bbox 217 490 1523 534; baseline -0.001 -7"><span class='ocrx_word' id='word_1_60' title='bbox 217 496 348 527; x_wconf 87' lang='lat' dir='ltr'><strong>bendum</strong></span> <span class='ocrx_word' id='word_1_61' title='bbox 367 494 447 525; x_wconf 82' lang='lat' dir='ltr'><strong>foret</strong></span> <span class='ocrx_word' id='word_1_62' title='bbox 464 493 521 525; x_wconf 79' lang='grc' dir='ltr'><strong>τὸν</strong></span> <span class='ocrx_word' id='word_1_63' title='bbox 535 491 680 534; x_wconf 70' lang='grc' dir='ltr'><strong><em>“Ηρακλεῖ</em></strong></span> <span class='ocrx_word' id='word_1_64' title='bbox 695 491 719 532; x_wconf 83' lang='lat' dir='ltr'><strong>r&#39;</strong></span> <span class='ocrx_word' id='word_1_65' title='bbox 742 490 906 534; x_wconf 71' lang='grc' dir='ltr'><strong><em>ὃμᾶθλιον.</em></strong></span> <span class='ocrx_word' id='word_1_66' title='bbox 949 495 1090 526; x_wconf 80' lang='lat' dir='ltr'><strong>Ceterum</strong></span> <span class='ocrx_word' id='word_1_67' title='bbox 1109 496 1246 526; x_wconf 78' lang='lat' dir='ltr'><strong>admissa</strong></span> <span class='ocrx_word' id='word_1_68' title='bbox 1265 495 1324 526; x_wconf 86' lang='lat' dir='ltr'><strong>hae</strong></span> <span class='ocrx_word' id='word_1_69' title='bbox 1347 495 1523 526; x_wconf 72' lang='lat' dir='ltr'><strong>coniectura</strong></span> 
     </span>
     <span class='ocr_line' id='line_1_9' title="bbox 216 536 1523 580; baseline 0.001 -8"><span class='ocrx_word' id='word_1_70' title='bbox 216 552 255 573; x_wconf 85' lang='lat' dir='ltr'><strong>ex</strong></span> <span class='ocrx_word' id='word_1_71' title='bbox 275 542 397 572; x_wconf 80' lang='lat' dir='ltr'><strong>duobus</strong></span> <span class='ocrx_word' id='word_1_72' title='bbox 416 542 568 579; x_wconf 85' lang='lat' dir='ltr'><strong>versibus,</strong></span> <span class='ocrx_word' id='word_1_73' title='bbox 589 551 628 572; x_wconf 86' lang='lat' dir='ltr'><strong>ne</strong></span> <span class='ocrx_word' id='word_1_74' title='bbox 646 541 727 572; x_wconf 89' lang='lat' dir='ltr'><strong>male</strong></span> <span class='ocrx_word' id='word_1_75' title='bbox 746 540 936 572; x_wconf 76' lang='lat' dir='ltr'><strong>distrahatur</strong></span> <span class='ocrx_word' id='word_1_76' title='bbox 955 536 1125 580; x_wconf 75' lang='grc' dir='ltr'><strong><em>ὃμάθλιος,</em></strong></span> <span class='ocrx_word' id='word_1_77' title='bbox 1144 551 1239 572; x_wconf 88' lang='lat' dir='ltr'><strong>unum</strong></span> <span class='ocrx_word' id='word_1_78' title='bbox 1259 541 1433 573; x_wconf 81' lang='lat' dir='ltr'><strong>faciendum</strong></span> <span class='ocrx_word' id='word_1_79' title='bbox 1451 550 1523 573; x_wconf 82' lang='lat' dir='ltr'><strong>esse</strong></span> 
     </span>
     <span class='ocr_line' id='line_1_10' title="bbox 217 592 360 628; baseline 0 -10"><span class='ocrx_word' id='word_1_80' title='bbox 217 592 360 628; x_wconf 77' lang='lat' dir='ltr'><strong>apparet:</strong></span> 
     </span>
    </p>

    <p class='ocr_par' dir='ltr' id='par_1_4' title="bbox 216 629 1411 721">
     <span class='ocr_line' id='line_1_11' title="bbox 405 629 1094 674; baseline -0.001 -9"><span class='ocrx_word' id='word_1_81' title='bbox 405 633 498 671; x_wconf 69' lang='grc' dir='ltr'><strong><em>ἔχεις,</em></strong></span> <span class='ocrx_word' id='word_1_82' title='bbox 522 632 579 665; x_wconf 81' lang='grc' dir='ltr'><strong>τὸν</strong></span> <span class='ocrx_word' id='word_1_83' title='bbox 593 629 737 674; x_wconf 78' lang='grc' dir='ltr'><strong><em>Ἡρακλεῖ</em></strong></span> <span class='ocrx_word' id='word_1_84' title='bbox 754 630 909 673; x_wconf 57' lang='lat' dir='ltr'><strong>opti-‘litor</strong></span> <span class='ocrx_word' id='word_1_85' title='bbox 928 629 990 664; x_wconf 73' lang='grc' dir='ltr'><strong>ὧδέ</strong></span> <span class='ocrx_word' id='word_1_86' title='bbox 1007 643 1059 665; x_wconf 92' lang='grc' dir='ltr'><strong>σοι</strong></span> <span class='ocrx_word' id='word_1_87' title='bbox 1065 636 1094 671; x_wconf 82' lang='grc'><strong>,’</strong></span> 
     </span>
     <span class='ocr_line' id='line_1_12' title="bbox 216 676 1411 721; baseline 0 -9"><span class='ocrx_word' id='word_1_88' title='bbox 216 682 266 712; x_wconf 88' lang='lat' dir='ltr'><strong>cui</strong></span> <span class='ocrx_word' id='word_1_89' title='bbox 286 686 321 713; x_wconf 86' lang='lat' dir='ltr'><strong>nt</strong></span> <span class='ocrx_word' id='word_1_90' title='bbox 338 686 526 721; x_wconf 75' lang='lat' dir='ltr'>exaequetur</span> <span class='ocrx_word' id='word_1_91' title='bbox 545 681 784 720; x_wconf 80' lang='lat' dir='ltr'><strong>antistrophieus</strong></span> <span class='ocrx_word' id='word_1_92' title='bbox 802 691 834 712; x_wconf 86' lang='lat' dir='ltr'><strong>v.</strong></span> <span class='ocrx_word' id='word_1_93' title='bbox 855 681 954 718; x_wconf 70' lang='lat'>1154„</span> <span class='ocrx_word' id='word_1_94' title='bbox 974 676 1050 720; x_wconf 83' lang='grc' dir='ltr'><strong><em>ὗμΐν</em></strong></span> <span class='ocrx_word' id='word_1_95' title='bbox 1068 681 1101 712; x_wconf 90' lang='lat' dir='ltr'><strong>in</strong></span> <span class='ocrx_word' id='word_1_96' title='bbox 1120 676 1194 720; x_wconf 77' lang='grc' dir='ltr'><strong><em>ὗμιν</em></strong></span> <span class='ocrx_word' id='word_1_97' title='bbox 1213 683 1411 713; x_wconf 80' lang='lat' dir='ltr'><strong>mutandum:</strong></span> 
     </span>
    </p>

    <p class='ocr_par' dir='ltr' id='par_1_5' title="bbox 403 723 1113 768">
     <span class='ocr_line' id='line_1_13' title="bbox 403 723 1113 768; baseline 0.001 -11"><span class='ocrx_word' id='word_1_98' title='bbox 403 725 443 758; x_wconf 71' lang='grc' dir='ltr'><strong>ἔτ’</strong></span> <span class='ocrx_word' id='word_1_99' title='bbox 465 724 503 758; x_wconf 81' lang='grc' dir='ltr'><strong>οὗ</strong></span> <span class='ocrx_word' id='word_1_100' title='bbox 524 726 655 768; x_wconf 81' lang='grc' dir='ltr'><strong><em>φοβητός</em></strong></span> <span class='ocrx_word' id='word_1_101' title='bbox 673 723 766 766; x_wconf 76' lang='grc' dir='ltr'><strong><em>ὗμιν,</em></strong></span> <span class='ocrx_word' id='word_1_102' title='bbox 784 727 911 767; x_wconf 63' lang='grc' dir='ltr'><strong>ἕρπε-τε,</strong></span> <span class='ocrx_word' id='word_1_103' title='bbox 932 728 990 758; x_wconf 81' lang='grc' dir='ltr'><strong>νῦν</strong></span> <span class='ocrx_word' id='word_1_104' title='bbox 1009 725 1113 758; x_wconf 77' lang='grc' dir='ltr'><strong><em>καλόν.</em></strong></span> 
     </span>
    </p>
   </div>
   <div class='ocr_carea' id='block_1_4' title="bbox 519 875 1220 917">
    <p class='ocr_par' dir='ltr' id='par_1_6' title="bbox 519 875 1220 917">
     <span class='ocr_line' id='line_1_14' title="bbox 519 875 1220 917; baseline 0.001 -2"><span class='ocrx_word' id='word_1_105' title='bbox 519 876 746 916; x_wconf 77' lang='lat' dir='ltr'><strong>Philoet.</strong></span> <span class='ocrx_word' id='word_1_106' title='bbox 773 885 818 916; x_wconf 82' lang='lat' dir='ltr'><strong>v.</strong></span> <span class='ocrx_word' id='word_1_107' title='bbox 844 875 979 917; x_wconf 75' lang='grc'><strong>1136</strong></span> <span class='ocrx_word' id='word_1_108' title='bbox 1001 895 1049 903; x_wconf 91' lang='grc'>-</span> <span class='ocrx_word' id='word_1_109' title='bbox 1072 875 1220 917; x_wconf 72' lang='grc'><strong>1139.</strong></span> 
     </span>
    </p>
   </div>
   <div class='ocr_carea' id='block_1_5' title="bbox 217 940 1528 1971">
    <p class='ocr_par' dir='ltr' id='par_1_7' title="bbox 492 940 964 985">
     <span class='ocr_line' id='line_1_15' title="bbox 492 940 964 985; baseline -0.006 -9"><span class='ocrx_word' id='word_1_110' title='bbox 492 941 597 985; x_wconf 80' lang='grc' dir='ltr'><strong><em>Ὁρῶν</em></strong></span> <span class='ocrx_word' id='word_1_111' title='bbox 615 948 673 984; x_wconf 76' lang='grc' dir='ltr'><strong>μὲν</strong></span> <span class='ocrx_word' id='word_1_112' title='bbox 691 943 820 984; x_wconf 75' lang='grc' dir='ltr'><strong><em>αἰσχρᾶς</em></strong></span> <span class='ocrx_word' id='word_1_113' title='bbox 839 940 964 978; x_wconf 73' lang='grc' dir='ltr'><strong><em>ἀπάτας</em></strong></span> 
     </span>
    </p>

    <p class='ocr_par' dir='ltr' id='par_1_8' title="bbox 499 987 999 1031">
     <span class='ocr_line' id='line_1_16' title="bbox 499 987 999 1031; baseline -0.002 -10"><span class='ocrx_word' id='word_1_114' title='bbox 499 989 631 1029; x_wconf 74' lang='grc' dir='ltr'><strong><em>στυγνόν</em></strong></span> <span class='ocrx_word' id='word_1_115' title='bbox 650 1001 685 1022; x_wconf 79' lang='grc' dir='ltr'><strong>τε</strong></span> <span class='ocrx_word' id='word_1_116' title='bbox 703 987 778 1031; x_wconf 78' lang='grc' dir='ltr'><strong><em>φῶτ’</em></strong></span> <span class='ocrx_word' id='word_1_117' title='bbox 800 987 999 1027; x_wconf 68' lang='grc' dir='ltr'><strong><em>ἐχθοδοπόν,</em></strong></span> 
     </span>
    </p>

    <p class='ocr_par' dir='ltr' id='par_1_9' title="bbox 497 1031 1264 1077">
     <span class='ocr_line' id='line_1_17' title="bbox 497 1031 1264 1077; baseline -0.001 -10"><span class='ocrx_word' id='word_1_118' title='bbox 497 1034 583 1077; x_wconf 81' lang='grc' dir='ltr'><strong><em>μυρί’</em></strong></span> <span class='ocrx_word' id='word_1_119' title='bbox 605 1034 659 1067; x_wconf 79' lang='grc' dir='ltr'><strong>ἄπ’</strong></span> <span class='ocrx_word' id='word_1_120' title='bbox 681 1038 819 1076; x_wconf 78' lang='grc' dir='ltr'><strong><em>αἰσχρῶν</em></strong></span> <span class='ocrx_word' id='word_1_121' title='bbox 838 1033 1059 1074; x_wconf 55' lang='lat' dir='ltr'><strong>&amp;vastior-5⁹,</strong></span> <span class='ocrx_word' id='word_1_122' title='bbox 1084 1033 1135 1067; x_wconf 67' lang='lat'><strong>«30²</strong></span> <span class='ocrx_word' id='word_1_123' title='bbox 1157 1032 1204 1075; x_wconf 79' lang='grc' dir='ltr'><strong>ἐφ’</strong></span> <span class='ocrx_word' id='word_1_124' title='bbox 1226 1031 1264 1073; x_wconf 76' lang='grc' dir='ltr'><strong>ἦ·</strong></span> 
     </span>
    </p>

    <p class='ocr_par' dir='ltr' id='par_1_10' title="bbox 495 1079 1016 1122">
     <span class='ocr_line' id='line_1_18' title="bbox 495 1079 1016 1122; baseline 0 -9"><span class='ocrx_word' id='word_1_125' title='bbox 495 1087 552 1122; x_wconf 84' lang='grc' dir='ltr'><strong>μΐν</strong></span> <span class='ocrx_word' id='word_1_126' title='bbox 569 1080 633 1113; x_wconf 72' lang='grc' dir='ltr'><strong>κάκ’</strong></span> <span class='ocrx_word' id='word_1_127' title='bbox 654 1079 778 1122; x_wconf 75' lang='grc' dir='ltr'><strong><em>ἐμήσατ’</em></strong></span> <span class='ocrx_word' id='word_1_128' title='bbox 795 1079 976 1117; x_wconf 73' lang='grc' dir='ltr'><strong><em>Ὀδυσσεύς.</em></strong></span> <span class='ocrx_word' id='word_1_129' title='bbox 1013 1086 1016 1087; x_wconf 62' lang='grc'>’</span> 
     </span>
    </p>

    <p class='ocr_par' dir='ltr' id='par_1_11' title="bbox 217 1139 1527 1644">
     <span class='ocr_line' id='line_1_19' title="bbox 311 1139 1524 1184; baseline 0 -10"><span class='ocrx_word' id='word_1_130' title='bbox 311 1143 346 1174; x_wconf 90' lang='lat' dir='ltr'><strong>ln</strong></span> <span class='ocrx_word' id='word_1_131' title='bbox 372 1147 508 1175; x_wconf 84' lang='lat' dir='ltr'><strong>extremo</strong></span> <span class='ocrx_word' id='word_1_132' title='bbox 533 1152 628 1175; x_wconf 77' lang='lat' dir='ltr'><strong>versu</strong></span> <span class='ocrx_word' id='word_1_133' title='bbox 654 1143 741 1176; x_wconf 83' lang='lat'><strong>1139.</strong></span> <span class='ocrx_word' id='word_1_134' title='bbox 767 1152 862 1184; x_wconf 89' lang='lat' dir='ltr'><strong>quum</strong></span> <span class='ocrx_word' id='word_1_135' title='bbox 890 1152 1002 1174; x_wconf 88' lang='lat' dir='ltr'><strong>nomen</strong></span> <span class='ocrx_word' id='word_1_136' title='bbox 1023 1139 1195 1179; x_wconf 74' lang='grc' dir='ltr'><strong><em>Ὀδυσσεὺς</em></strong></span> <span class='ocrx_word' id='word_1_137' title='bbox 1222 1152 1325 1184; x_wconf 88' lang='lat' dir='ltr'><strong>neque</strong></span> <span class='ocrx_word' id='word_1_138' title='bbox 1354 1144 1524 1175; x_wconf 78' lang='lat' dir='ltr'><strong>sententiae</strong></span> 
     </span>
     <span class='ocr_line' id='line_1_20' title="bbox 218 1190 1524 1229; baseline 0.001 -9"><span class='ocrx_word' id='word_1_139' title='bbox 218 1190 481 1220; x_wconf 72' lang='lat' dir='ltr'><strong>accommodatum</strong></span> <span class='ocrx_word' id='word_1_140' title='bbox 510 1190 550 1220; x_wconf 82' lang='lat' dir='ltr'><strong>sit</strong></span> <span class='ocrx_word' id='word_1_141' title='bbox 575 1199 676 1229; x_wconf 87' lang='lat' dir='ltr'><strong>neque</strong></span> <span class='ocrx_word' id='word_1_142' title='bbox 703 1190 841 1220; x_wconf 72' lang='lat' dir='ltr'><strong>numeria</strong></span> <span class='ocrx_word' id='word_1_143' title='bbox 870 1199 982 1221; x_wconf 82' lang='lat' dir='ltr'><strong>versus</strong></span> <span class='ocrx_word' id='word_1_144' title='bbox 1010 1190 1221 1229; x_wconf 79' lang='lat' dir='ltr'><strong>antistrophiei</strong></span> <span class='ocrx_word' id='word_1_145' title='bbox 1251 1191 1431 1227; x_wconf 76' lang='lat' dir='ltr'><strong>conveniat,</strong></span> <span class='ocrx_word' id='word_1_146' title='bbox 1462 1190 1524 1220; x_wconf 86' lang='lat' dir='ltr'><strong>alia</strong></span> 
     </span>
     <span class='ocr_line' id='line_1_21' title="bbox 219 1235 1525 1276; baseline 0.002 -11"><span class='ocrx_word' id='word_1_147' title='bbox 219 1236 273 1265; x_wconf 86' lang='lat' dir='ltr'><strong>alii</strong></span> <span class='ocrx_word' id='word_1_148' title='bbox 293 1241 521 1274; x_wconf 85' lang='lat' dir='ltr'><strong>proposuerunt</strong></span> <span class='ocrx_word' id='word_1_149' title='bbox 540 1235 731 1275; x_wconf 65' lang='lat' dir='ltr'><strong>corruptelae</strong></span> <span class='ocrx_word' id='word_1_150' title='bbox 756 1236 909 1271; x_wconf 84' lang='lat' dir='ltr'><strong>remedia,</strong></span> <span class='ocrx_word' id='word_1_151' title='bbox 935 1245 1064 1275; x_wconf 87' lang='lat' dir='ltr'><strong>quorum</strong></span> <span class='ocrx_word' id='word_1_152' title='bbox 1088 1235 1171 1266; x_wconf 80' lang='lat' dir='ltr'><strong>nihil</strong></span> <span class='ocrx_word' id='word_1_153' title='bbox 1190 1242 1255 1273; x_wconf 83' lang='lat' dir='ltr'><strong>est,</strong></span> <span class='ocrx_word' id='word_1_154' title='bbox 1283 1237 1365 1276; x_wconf 86' lang='lat' dir='ltr'><strong>quod</strong></span> <span class='ocrx_word' id='word_1_155' title='bbox 1391 1237 1525 1275; x_wconf 78' lang='lat' dir='ltr'><strong>aliquam</strong></span> 
     </span>
     <span class='ocr_line' id='line_1_22' title="bbox 217 1281 1525 1323; baseline 0.002 -11"><span class='ocrx_word' id='word_1_156' title='bbox 217 1282 328 1313; x_wconf 79' lang='lat' dir='ltr'><strong>habeat</strong></span> <span class='ocrx_word' id='word_1_157' title='bbox 340 1282 408 1313; x_wconf 84' lang='lat' dir='ltr'><strong>veri</strong></span> <span class='ocrx_word' id='word_1_158' title='bbox 421 1282 661 1313; x_wconf 83' lang='lat' dir='ltr'><strong>similitudinem.</strong></span> <span class='ocrx_word' id='word_1_159' title='bbox 700 1281 777 1312; x_wconf 85' lang='lat' dir='ltr'><strong>Mihi</strong></span> <span class='ocrx_word' id='word_1_160' title='bbox 790 1291 854 1313; x_wconf 86' lang='lat' dir='ltr'><strong>non</strong></span> <span class='ocrx_word' id='word_1_161' title='bbox 872 1282 1000 1313; x_wconf 86' lang='lat' dir='ltr'><strong>dubium</strong></span> <span class='ocrx_word' id='word_1_162' title='bbox 1011 1281 1144 1319; x_wconf 83' lang='lat' dir='ltr'><strong>videtur,</strong></span> <span class='ocrx_word' id='word_1_163' title='bbox 1166 1283 1239 1322; x_wconf 89' lang='lat' dir='ltr'><strong>quin</strong></span> <span class='ocrx_word' id='word_1_164' title='bbox 1258 1284 1430 1323; x_wconf 81' lang='lat' dir='ltr'><strong>antiquitus</strong></span> <span class='ocrx_word' id='word_1_165' title='bbox 1449 1283 1525 1314; x_wconf 83' lang='lat' dir='ltr'><strong>seri·</strong></span> 
     </span>
     <span class='ocr_line' id='line_1_23' title="bbox 218 1325 1527 1370; baseline 0 -10"><span class='ocrx_word' id='word_1_166' title='bbox 218 1334 302 1368; x_wconf 81' lang='lat' dir='ltr'><strong>ptum</strong></span> <span class='ocrx_word' id='word_1_167' title='bbox 321 1328 414 1360; x_wconf 80' lang='lat' dir='ltr'><strong>fuerit</strong></span> <span class='ocrx_word' id='word_1_168' title='bbox 433 1334 488 1360; x_wconf 86' lang='lat' dir='ltr'><strong>aut</strong></span> <span class='ocrx_word' id='word_1_169' title='bbox 507 1325 607 1364; x_wconf 74' lang='grc' dir='ltr'><strong><em>οὗδεὶς</em></strong></span> <span class='ocrx_word' id='word_1_170' title='bbox 625 1333 680 1359; x_wconf 91' lang='lat' dir='ltr'><strong>aut</strong></span> <span class='ocrx_word' id='word_1_171' title='bbox 700 1325 794 1363; x_wconf 73' lang='grc' dir='ltr'><strong><em>οὔτις.</em></strong></span> <span class='ocrx_word' id='word_1_172' title='bbox 833 1328 870 1360; x_wconf 74' lang='lat' dir='ltr'><strong>Si</strong></span> <span class='ocrx_word' id='word_1_173' title='bbox 890 1328 984 1366; x_wconf 90' lang='lat' dir='ltr'><strong>illud,</strong></span> <span class='ocrx_word' id='word_1_174' title='bbox 1010 1337 1050 1359; x_wconf 87' lang='lat' dir='ltr'><strong>ex</strong></span> <span class='ocrx_word' id='word_1_175' title='bbox 1068 1328 1185 1360; x_wconf 82' lang='lat' dir='ltr'><strong>librarii</strong></span> <span class='ocrx_word' id='word_1_176' title='bbox 1203 1329 1295 1368; x_wconf 83' lang='lat' dir='ltr'><strong>lapsu</strong></span> <span class='ocrx_word' id='word_1_177' title='bbox 1313 1329 1441 1370; x_wconf 72' lang='lat' dir='ltr'><strong>vulgata</strong></span> <span class='ocrx_word' id='word_1_178' title='bbox 1466 1331 1527 1360; x_wconf 88' lang='lat' dir='ltr'><strong>ori-</strong></span> 
     </span>
     <span class='ocr_line' id='line_1_24' title="bbox 220 1374 1527 1415; baseline 0.002 -10"><span class='ocrx_word' id='word_1_179' title='bbox 220 1376 322 1414; x_wconf 68' lang='lat' dir='ltr'><strong>ginem</strong></span> <span class='ocrx_word' id='word_1_180' title='bbox 347 1376 458 1412; x_wconf 79' lang='lat' dir='ltr'><strong>traxit,</strong></span> <span class='ocrx_word' id='word_1_181' title='bbox 484 1375 512 1404; x_wconf 89' lang='lat' dir='ltr'><strong>si</strong></span> <span class='ocrx_word' id='word_1_182' title='bbox 537 1374 615 1409; x_wconf 87' lang='lat' dir='ltr'><strong>hoe,</strong></span> <span class='ocrx_word' id='word_1_183' title='bbox 641 1383 681 1404; x_wconf 83' lang='lat' dir='ltr'><strong>ex</strong></span> <span class='ocrx_word' id='word_1_184' title='bbox 705 1374 972 1413; x_wconf 78' lang='lat' dir='ltr'><strong>interpretamento</strong></span> <span class='ocrx_word' id='word_1_185' title='bbox 998 1375 1038 1404; x_wconf 87' lang='lat' dir='ltr'><strong>ab</strong></span> <span class='ocrx_word' id='word_1_186' title='bbox 1067 1374 1188 1405; x_wconf 84' lang='lat' dir='ltr'><strong>insulso</strong></span> <span class='ocrx_word' id='word_1_187' title='bbox 1217 1375 1323 1415; x_wconf 81' lang='lat' dir='ltr'><strong>aliquo</strong></span> <span class='ocrx_word' id='word_1_188' title='bbox 1350 1375 1527 1415; x_wconf 76' lang='lat' dir='ltr'><strong>glossatore</strong></span> 
     </span>
     <span class='ocr_line' id='line_1_25' title="bbox 222 1418 1525 1461; baseline 0 -9"><span class='ocrx_word' id='word_1_189' title='bbox 222 1421 294 1452; x_wconf 80' lang='lat' dir='ltr'><strong>voci</strong></span> <span class='ocrx_word' id='word_1_190' title='bbox 321 1418 422 1456; x_wconf 63' lang='grc' dir='ltr'><strong><em>οὔτις,</em></strong></span> <span class='ocrx_word' id='word_1_191' title='bbox 447 1429 540 1460; x_wconf 90' lang='lat' dir='ltr'><strong>quam</strong></span> <span class='ocrx_word' id='word_1_192' title='bbox 565 1419 696 1451; x_wconf 83' lang='lat' dir='ltr'><strong>ridieule</strong></span> <span class='ocrx_word' id='word_1_193' title='bbox 721 1420 760 1450; x_wconf 90' lang='lat' dir='ltr'><strong>de</strong></span> <span class='ocrx_word' id='word_1_194' title='bbox 784 1421 946 1451; x_wconf 85' lang='lat' dir='ltr'><strong>Homerico</strong></span> <span class='ocrx_word' id='word_1_195' title='bbox 972 1420 1025 1450; x_wconf 87' lang='lat' dir='ltr'><strong>illo</strong></span> <span class='ocrx_word' id='word_1_196' title='bbox 1047 1420 1142 1452; x_wconf 83' lang='lat' dir='ltr'><strong>Utide</strong></span> <span class='ocrx_word' id='word_1_197' title='bbox 1166 1422 1333 1460; x_wconf 69' lang='lat' dir='ltr'><strong>acciperet,</strong></span> <span class='ocrx_word' id='word_1_198' title='bbox 1358 1421 1525 1461; x_wconf 80' lang='lat' dir='ltr'><strong>adscripto.</strong></span> 
     </span>
     <span class='ocr_line' id='line_1_26' title="bbox 221 1467 1525 1507; baseline 0.001 -9"><span class='ocrx_word' id='word_1_199' title='bbox 221 1467 289 1498; x_wconf 85' lang='lat' dir='ltr'><strong>Hoc</strong></span> <span class='ocrx_word' id='word_1_200' title='bbox 314 1467 468 1507; x_wconf 77' lang='lat' dir='ltr'><strong>posterius</strong></span> <span class='ocrx_word' id='word_1_201' title='bbox 496 1475 590 1506; x_wconf 86' lang='lat' dir='ltr'><strong>quum</strong></span> <span class='ocrx_word' id='word_1_202' title='bbox 615 1467 781 1498; x_wconf 79' lang='lat' dir='ltr'><strong>absurdius</strong></span> <span class='ocrx_word' id='word_1_203' title='bbox 807 1467 870 1504; x_wconf 82' lang='lat' dir='ltr'><strong>sit,</strong></span> <span class='ocrx_word' id='word_1_204' title='bbox 898 1476 991 1505; x_wconf 82' lang='lat' dir='ltr'><strong>quam</strong></span> <span class='ocrx_word' id='word_1_205' title='bbox 1015 1471 1051 1497; x_wconf 86' lang='lat' dir='ltr'><strong>ut</strong></span> <span class='ocrx_word' id='word_1_206' title='bbox 1076 1467 1160 1498; x_wconf 82' lang='lat' dir='ltr'><strong>credi</strong></span> <span class='ocrx_word' id='word_1_207' title='bbox 1189 1467 1307 1506; x_wconf 81' lang='lat' dir='ltr'><strong>possit,</strong></span> <span class='ocrx_word' id='word_1_208' title='bbox 1337 1467 1413 1498; x_wconf 88' lang='lat' dir='ltr'><strong>illud</strong></span> <span class='ocrx_word' id='word_1_209' title='bbox 1436 1469 1525 1507; x_wconf 77' lang='lat' dir='ltr'><strong>prius</strong></span> 
     </span>
     <span class='ocr_line' id='line_1_27' title="bbox 220 1511 653 1552; baseline 0.002 -9"><span class='ocrx_word' id='word_1_210' title='bbox 220 1523 240 1543; x_wconf 84' lang='lat' dir='ltr'><strong>a</strong></span> <span class='ocrx_word' id='word_1_211' title='bbox 259 1518 349 1552; x_wconf 78' lang='lat' dir='ltr'><strong>poeta</strong></span> <span class='ocrx_word' id='word_1_212' title='bbox 369 1511 540 1552; x_wconf 78' lang='lat' dir='ltr'><strong>profectum</strong></span> <span class='ocrx_word' id='word_1_213' title='bbox 559 1517 653 1552; x_wconf 83' lang='lat' dir='ltr'><strong>puto:</strong></span> 
     </span>
     <span class='ocr_line' id='line_1_28' title="bbox 406 1555 1165 1600; baseline 0.004 -12"><span class='ocrx_word' id='word_1_214' title='bbox 406 1556 494 1598; x_wconf 77' lang='grc' dir='ltr'><strong><em>μυρί’</em></strong></span> <span class='ocrx_word' id='word_1_215' title='bbox 517 1555 571 1589; x_wconf 74' lang='grc' dir='ltr'><strong>ἀπ’</strong></span> <span class='ocrx_word' id='word_1_216' title='bbox 593 1560 732 1599; x_wconf 74' lang='grc' dir='ltr'><strong><em>αἰσχρῶν</em></strong></span> <span class='ocrx_word' id='word_1_217' title='bbox 750 1556 972 1597; x_wconf 56' lang='lat' dir='ltr'><strong>&amp;wacemil-9²,</strong></span> <span class='ocrx_word' id='word_1_218' title='bbox 991 1555 1037 1591; x_wconf 66' lang='grc' dir='ltr'><strong>«ἵετ’</strong></span> <span class='ocrx_word' id='word_1_219' title='bbox 1059 1556 1105 1600; x_wconf 77' lang='grc' dir='ltr'><strong>ἐφ’</strong></span> <span class='ocrx_word' id='word_1_220' title='bbox 1126 1555 1165 1599; x_wconf 82' lang='grc' dir='ltr'><strong>ἧ-</strong></span> 
     </span>
     <span class='ocr_line' id='line_1_29' title="bbox 407 1602 835 1644; baseline 0.005 -9"><span class='ocrx_word' id='word_1_221' title='bbox 407 1608 462 1644; x_wconf 85' lang='grc' dir='ltr'><strong>μῒν</strong></span> <span class='ocrx_word' id='word_1_222' title='bbox 481 1602 544 1635; x_wconf 74' lang='grc' dir='ltr'><strong>κάκ’</strong></span> <span class='ocrx_word' id='word_1_223' title='bbox 565 1602 694 1644; x_wconf 72' lang='grc' dir='ltr'><strong>ἐμήσατ’</strong></span> <span class='ocrx_word' id='word_1_224' title='bbox 716 1602 835 1642; x_wconf 52' lang='lat' dir='ltr'><strong>addetis,</strong></span> 
     </span>
    </p>

    <p class='ocr_par' dir='ltr' id='par_1_12' title="bbox 220 1652 1528 1971">
     <span class='ocr_line' id='line_1_30' title="bbox 221 1652 1525 1693; baseline 0.002 -10"><span class='ocrx_word' id='word_1_225' title='bbox 221 1654 252 1683; x_wconf 90' lang='lat' dir='ltr'><strong>id</strong></span> <span class='ocrx_word' id='word_1_226' title='bbox 272 1657 340 1684; x_wconf 80' lang='lat' dir='ltr'><strong>est:</strong></span> <span class='ocrx_word' id='word_1_227' title='bbox 364 1652 674 1683; x_wconf 79' lang='lat' dir='ltr'><strong>innumerabilia</strong></span> <span class='ocrx_word' id='word_1_228' title='bbox 699 1661 746 1683; x_wconf 82' lang='lat' dir='ltr'><strong>ex</strong></span> <span class='ocrx_word' id='word_1_229' title='bbox 770 1652 948 1692; x_wconf 74' lang='lat' dir='ltr'><strong>flagitiis</strong></span> <span class='ocrx_word' id='word_1_230' title='bbox 967 1653 1267 1692; x_wconf 77' lang='lat' dir='ltr'><strong>progignentem</strong></span> <span class='ocrx_word' id='word_1_231' title='bbox 1288 1654 1404 1690; x_wconf 83' lang='lat' dir='ltr'><strong>mala,</strong></span> <span class='ocrx_word' id='word_1_232' title='bbox 1431 1660 1525 1693; x_wconf 89' lang='lat' dir='ltr'><strong>quot</strong></span> 
     </span>
     <span class='ocr_line' id='line_1_31' title="bbox 222 1698 1528 1738; baseline 0.001 -9"><span class='ocrx_word' id='word_1_233' title='bbox 222 1708 330 1729; x_wconf 89' lang='lat' dir='ltr'><strong>nemo</strong></span> <span class='ocrx_word' id='word_1_234' title='bbox 349 1706 515 1737; x_wconf 83' lang='lat' dir='ltr'><strong>unquam</strong></span> <span class='ocrx_word' id='word_1_235' title='bbox 539 1698 578 1728; x_wconf 90' lang='lat' dir='ltr'><strong>in</strong></span> <span class='ocrx_word' id='word_1_236' title='bbox 597 1707 651 1728; x_wconf 92' lang='lat' dir='ltr'><strong>me</strong></span> <span class='ocrx_word' id='word_1_237' title='bbox 670 1698 918 1729; x_wconf 75' lang='lat' dir='ltr'><strong>machinatus</strong></span> <span class='ocrx_word' id='word_1_238' title='bbox 937 1704 1006 1729; x_wconf 87' lang='lat' dir='ltr'><strong>est.</strong></span> <span class='ocrx_word' id='word_1_239' title='bbox 1045 1699 1115 1728; x_wconf 86' lang='lat' dir='ltr'><strong>Non</strong></span> <span class='ocrx_word' id='word_1_240' title='bbox 1135 1699 1216 1729; x_wconf 90' lang='lat' dir='ltr'><strong>enim</strong></span> <span class='ocrx_word' id='word_1_241' title='bbox 1235 1699 1275 1729; x_wconf 82' lang='lat' dir='ltr'><strong>ad</strong></span> <span class='ocrx_word' id='word_1_242' title='bbox 1295 1699 1431 1738; x_wconf 75' lang='grc' dir='ltr'><strong><em>αἰσχρῶν</em></strong></span> <span class='ocrx_word' id='word_1_243' title='bbox 1448 1699 1528 1730; x_wconf 78' lang='lat' dir='ltr'><strong>refe-</strong></span> 
     </span>
     <span class='ocr_line' id='line_1_32' title="bbox 220 1741 1528 1787; baseline 0 -11"><span class='ocrx_word' id='word_1_244' title='bbox 220 1745 348 1776; x_wconf 88' lang='lat' dir='ltr'><strong>rendum</strong></span> <span class='ocrx_word' id='word_1_245' title='bbox 374 1748 423 1774; x_wconf 78' lang='lat' dir='ltr'><strong>est</strong></span> <span class='ocrx_word' id='word_1_246' title='bbox 447 1744 609 1775; x_wconf 76' lang='lat' dir='ltr'><strong>relativum</strong></span> <span class='ocrx_word' id='word_1_247' title='bbox 635 1741 714 1781; x_wconf 79' lang='grc' dir='ltr'><strong><em>ὅσα,</em></strong></span> <span class='ocrx_word' id='word_1_248' title='bbox 740 1749 775 1775; x_wconf 86' lang='lat' dir='ltr'><strong>ut</strong></span> <span class='ocrx_word' id='word_1_249' title='bbox 799 1744 909 1776; x_wconf 86' lang='lat' dir='ltr'><strong>volunt</strong></span> <span class='ocrx_word' id='word_1_250' title='bbox 933 1744 1090 1786; x_wconf 78' lang='lat' dir='ltr'><strong>plerique,</strong></span> <span class='ocrx_word' id='word_1_251' title='bbox 1115 1745 1172 1775; x_wconf 82' lang='lat' dir='ltr'><strong>sed</strong></span> <span class='ocrx_word' id='word_1_252' title='bbox 1197 1746 1236 1775; x_wconf 83' lang='lat' dir='ltr'><strong>ad</strong></span> <span class='ocrx_word' id='word_1_253' title='bbox 1262 1747 1364 1785; x_wconf 85' lang='grc' dir='ltr'><strong><em>μυρία.</em></strong></span> <span class='ocrx_word' id='word_1_254' title='bbox 1405 1744 1528 1787; x_wconf 77' lang='grc' dir='ltr'><strong><em>Αἲσχρᾶ</em></strong></span> 
     </span>
     <span class='ocr_line' id='line_1_33' title="bbox 220 1789 1527 1831; baseline -0.001 -7"><span class='ocrx_word' id='word_1_255' title='bbox 220 1798 293 1824; x_wconf 74' lang='lat' dir='ltr'><strong>uum</strong></span> <span class='ocrx_word' id='word_1_256' title='bbox 312 1790 411 1822; x_wconf 84' lang='lat' dir='ltr'><strong>malae</strong></span> <span class='ocrx_word' id='word_1_257' title='bbox 428 1789 573 1827; x_wconf 74' lang='lat' dir='ltr'><strong>fraudes,</strong></span> <span class='ocrx_word' id='word_1_258' title='bbox 598 1791 711 1831; x_wconf 89' lang='lat' dir='ltr'><strong>quibus</strong></span> <span class='ocrx_word' id='word_1_259' title='bbox 729 1791 937 1822; x_wconf 78' lang='lat' dir='ltr'><strong>usus-Ulixes</strong></span> <span class='ocrx_word' id='word_1_260' title='bbox 956 1791 1156 1823; x_wconf 73' lang='lat' dir='ltr'><strong>Philoctetam</strong></span> <span class='ocrx_word' id='word_1_261' title='bbox 1175 1797 1206 1822; x_wconf 90' lang='lat' dir='ltr'><strong>et</strong></span> <span class='ocrx_word' id='word_1_262' title='bbox 1225 1793 1368 1831; x_wconf 83' lang='lat' dir='ltr'><strong>exposuit</strong></span> <span class='ocrx_word' id='word_1_263' title='bbox 1386 1799 1477 1830; x_wconf 81' lang='lat' dir='ltr'><strong>ante,</strong></span> <span class='ocrx_word' id='word_1_264' title='bbox 1495 1799 1527 1824; x_wconf 84' lang='lat' dir='ltr'><strong>et</strong></span> 
     </span>
     <span class='ocr_line' id='line_1_34' title="bbox 220 1838 1526 1879; baseline 0 -9"><span class='ocrx_word' id='word_1_265' title='bbox 220 1848 304 1871; x_wconf 84' lang='lat' dir='ltr'><strong>nuno</strong></span> <span class='ocrx_word' id='word_1_266' title='bbox 322 1847 397 1868; x_wconf 83' lang='lat' dir='ltr'><strong>areu</strong></span> <span class='ocrx_word' id='word_1_267' title='bbox 416 1838 567 1877; x_wconf 81' lang='lat' dir='ltr'><strong>privavit,</strong></span> <span class='ocrx_word' id='word_1_268' title='bbox 587 1838 670 1868; x_wconf 84' lang='lat' dir='ltr'><strong>unde</strong></span> <span class='ocrx_word' id='word_1_269' title='bbox 689 1838 925 1869; x_wconf 80' lang='lat' dir='ltr'><strong>innumerabilia</strong></span> <span class='ocrx_word' id='word_1_270' title='bbox 942 1838 990 1876; x_wconf 88' lang='lat' dir='ltr'><strong>ei,</strong></span> <span class='ocrx_word' id='word_1_271' title='bbox 1009 1842 1086 1878; x_wconf 84' lang='lat' dir='ltr'><strong>quot</strong></span> <span class='ocrx_word' id='word_1_272' title='bbox 1104 1842 1176 1868; x_wconf 79' lang='lat' dir='ltr'><strong>sunt</strong></span> <span class='ocrx_word' id='word_1_273' title='bbox 1195 1839 1226 1868; x_wconf 90' lang='lat' dir='ltr'><strong>in</strong></span> <span class='ocrx_word' id='word_1_274' title='bbox 1247 1838 1414 1869; x_wconf 83' lang='lat' dir='ltr'><strong>solitudine</strong></span> <span class='ocrx_word' id='word_1_275' title='bbox 1434 1844 1526 1879; x_wconf 82' lang='lat' dir='ltr'><strong>atque</strong></span> 
     </span>
     <span class='ocr_line' id='line_1_35' title="bbox 220 1883 1526 1925; baseline 0 -9"><span class='ocrx_word' id='word_1_276' title='bbox 220 1886 343 1925; x_wconf 84' lang='lat' dir='ltr'><strong>inopia,</strong></span> <span class='ocrx_word' id='word_1_277' title='bbox 369 1883 450 1914; x_wconf 87' lang='lat' dir='ltr'><strong>mala</strong></span> <span class='ocrx_word' id='word_1_278' title='bbox 474 1885 688 1915; x_wconf 84' lang='lat' dir='ltr'><strong>naseebantur.</strong></span> <span class='ocrx_word' id='word_1_279' title='bbox 729 1885 882 1924; x_wconf 83' lang='lat' dir='ltr'><strong>Compara</strong></span> <span class='ocrx_word' id='word_1_280' title='bbox 906 1884 1007 1915; x_wconf 86' lang='lat' dir='ltr'><strong>simile</strong></span> <span class='ocrx_word' id='word_1_281' title='bbox 1032 1883 1221 1915; x_wconf 79' lang='lat' dir='ltr'><strong>Philoctetae</strong></span> <span class='ocrx_word' id='word_1_282' title='bbox 1246 1884 1361 1915; x_wconf 75' lang='lat' dir='ltr'><strong>dietum</strong></span> <span class='ocrx_word' id='word_1_283' title='bbox 1381 1894 1475 1925; x_wconf 82' lang='lat' dir='ltr'><strong>supra</strong></span> <span class='ocrx_word' id='word_1_284' title='bbox 1494 1894 1526 1916; x_wconf 81' lang='lat' dir='ltr'><strong>v.</strong></span> 
     </span>
     <span class='ocr_line' id='line_1_36' title="bbox 220 1926 1527 1971; baseline 0 -8"><span class='ocrx_word' id='word_1_285' title='bbox 220 1932 290 1963; x_wconf 77' lang='lat'><strong>408.</strong></span> <span class='ocrx_word' id='word_1_286' title='bbox 311 1940 378 1971; x_wconf 79' lang='lat' dir='ltr'><strong>seq.</strong></span> <span class='ocrx_word' id='word_1_287' title='bbox 396 1932 602 1970; x_wconf 78' lang='grc' dir='ltr'><strong><em>πανουργίας,</em></strong></span> <span class='ocrx_word' id='word_1_288' title='bbox 621 1927 680 1970; x_wconf 70' lang='grc' dir='ltr'><strong>ἀφ’</strong></span> <span class='ocrx_word' id='word_1_289' title='bbox 702 1926 738 1970; x_wconf 82' lang='grc' dir='ltr'><strong>ἧς</strong></span> <span class='ocrx_word' id='word_1_290' title='bbox 756 1931 851 1970; x_wconf 79' lang='grc' dir='ltr'><strong><em>μηδὲν</em></strong></span> <span class='ocrx_word' id='word_1_291' title='bbox 870 1931 990 1961; x_wconf 77' lang='grc' dir='ltr'><strong><em>δίκαιον</em></strong></span> <span class='ocrx_word' id='word_1_292' title='bbox 1009 1929 1040 1965; x_wconf 74' lang='grc' dir='ltr'><strong>ἐς</strong></span> <span class='ocrx_word' id='word_1_293' title='bbox 1059 1931 1144 1965; x_wconf 77' lang='grc' dir='ltr'><strong><em>τέλος</em></strong></span> <span class='ocrx_word' id='word_1_294' title='bbox 1161 1931 1263 1969; x_wconf 80' lang='grc' dir='ltr'><strong><em>μέλλει</em></strong></span> <span class='ocrx_word' id='word_1_295' title='bbox 1283 1934 1397 1962; x_wconf 82' lang='grc' dir='ltr'><strong><em>ποιεῖν.</em></strong></span> <span class='ocrx_word' id='word_1_296' title='bbox 1418 1947 1454 1955; x_wconf 88' lang='grc'><strong>-</strong></span> <span class='ocrx_word' id='word_1_297' title='bbox 1475 1932 1527 1963; x_wconf 78' lang='lat' dir='ltr'><strong>Ad</strong></span> 
     </span>
    </p>
   </div>
  </div>
 </body>
</html>
